3282 4918
845 205 885 268 19

759 295 971 302 ——ss

221 379 337 458 XXIX,
365 384 392 456 5,
421 385 476 444 29:
503 380 703 445 Theodosius
728 383 858 458 veritus,
887 403 927 444 ne
945 381 1043 444 Marti
1059 401 1125 446 soso
1142 379 1360 443 committeret
1375 376 1502 460 impari.
1536 397 1541 410 ’

310 487 459 570 Apparet
481 489 565 552 hanc
590 508 699 551 raram
723 488 848 554 formae
879 511 960 570 sese,
992 510 1057 573 qua
1088 489 1192 552 maior
1221 488 1268 551 vis
1297 492 1329 550 et
1360 486 1504 568 gravitas

221 593 417 678 exprimitur
443 593 579 678 (Zumpt
603 597 620 679 ξ
649 597 736 680 131),
761 599 1016 679 usurpationem,
1043 617 1116 660 cum
1141 595 1327 678 saepissime
1352 597 1505 657 cernatur

219 703 253 767 in
295 707 452 767 accurata
489 709 523 768 et
556 702 728 770 subtiliore
763 706 909 788 priorum
944 705 1142 787 scriptorum
1177 699 1341 766 scribendi
1376 719 1504 783 genere,

218 811 383 876 artissime
410 810 585 876 cohaerere
610 833 684 876 oum
707 811 764 876 illa
788 813 904 878 crebro
929 810 1100 877 omittendi
1124 809 1263 874 subiecti
1279 805 1457 872 accusativi
1472 825 1506 869 se

219 899 467 982 cousuetudine.
602 902 605 907 ¹

311 1024 418 1087 Etiam
431 1029 497 1088 met
503 1025 689 1106 pronomini
702 1047 736 1089 se
749 1025 908 1102 suffixum,
926 1032 964 1090 ut
976 1023 1009 1089 id
1022 1024 1125 1109 magis
1137 1028 1306 1107 prematur
1322 1019 1469 1105 (Madvig
1478 1016 1504 1105 ¹)

223 1132 239 1215 ξ
267 1135 325 1206 79,
357 1131 392 1192 A.
420 1134 457 1207 2,
488 1129 624 1195 Kiihner
648 1131 680 1208 I,
714 1134 731 1216 ξ
759 1132 846 1220 130),
879 1132 930 1197 bis
961 1136 1089 1197 tantum
1117 1129 1279 1194 invenitur
1303 1127 1449 1191 subiecto
1469 1145 1507 1190 »so

221 1239 346 1322 primae
369 1258 527 1320 personae
551 1236 755 1305 adiunctum:

220 1342 355 1423 XXVII,
383 1348 410 1423 2,
440 1352 472 1410 l:
499 1368 535 1411 eo
557 1353 717 1414 'causante
742 1347 876 1413 diffusos
900 1367 959 1431 per
982 1347 1074 1412 varia
1090 1345 1250 1410 barbaros
1266 1338 1364 1410 semet
1383 1339 1507 1406 adoriri

381 1475 446 1519 non
470 1476 566 1538 posse

221 1560 338 1640 XXXI,
365 1571 416 1640 15,
443 1571 478 1628 9:
505 1585 579 1629 cum
602 1585 705 1647 prope
729 1564 833 1629 fossas
856 1563 1021 1628 venissent
1045 1613 1052 1627 .
1077 1613 1084 1628 .
1110 1613 1116 1626 .
1142 1612 1148 1628 .
1173 1565 1211 1624 ut
1227 1559 1390 1622 Romanos
1413 1558 1509 1620 semet

383 1669 513 1734 admitti
536 1671 731 1754 poscebant;
764 1671 899 1735 alterius
929 1691 1087 1753 personae
1115 1668 1187 1732 loeo
1220 1665 1340 1730 obiecti
1370 1662 1506 1727 totidem

385 1779 532 1861 exempla
556 1784 678 1856 extant,
704 1777 762 1842 ubi
785 1784 849 1843 6661
872 1779 935 1842 va
960 1777 1062 1842 habet
1084 1774 1287 1860 pronominis
1309 1773 1397 1853 ipse,
1428 1768 1510 1830 haec

384 1892 477 1950 sunt:

224 1989 302 2067 XX,
334 1997 367 2067 7,
401 1997 436 2055 3:
479 1993 689 2071 hortabatur,
722 1999 759 2058 ut
791 2045 797 2058 .
834 2045 840 2058 .
874 2043 880 2056 .
912 1992 1067 2058 reseratis
1102 1991 1207 2074 portis
1241 1985 1364 2072 egressi
1394 1980 1511 2046 victori

385 2101 529 2182 gentium
553 2106 652 2167 semet
674 2083 848 2178 offerrent;

223 2203 340 2282 XXXI,
369 2216 418 2282 12,
446 2217 481 2273 5:
509 2215 630 2287 oratus,
645 2215 693 2280 ,ut
710 2209 971 2290 praestolaretur
987 2206 1158 2290 paulisper
1174 2201 1395 2290 periculorum
1411 2196 1513 2282 parti-

386 2315 500 2399 cipe'm,
518 2338 597 2381 neve
614 2316 764 2404 abruptis
782 2315 1026 2382 discriminibus
1043 2321 1166 2379 temere
1183 2316 1282 2377 semet
1293 2307 1515 2374 committeret

319 2481 324 2494 ,
386 2421 499 2486 solum.

314 2531 364 2595 Ad
388 2534 604 2614 possessivum
628 2553 806 2615 pronomen
830 2553 909 2596 saus
924 2531 1049 2595 maiore
1066 2530 1096 2592 vi
1115 2527 1294 2593 notandum
1315 2526 1512 2606 Ammianus,

226 2645 263 2703 ut
289 2639 346 2702 alii
373 2661 443 2716 scr,
469 2639 605 2704 adhibet
632 2639 780 2704 suffixum
801 2644 880 2720 pta·
904 2637 962 2701 sed
986 2638 1083 2704 huius
1104 2638 1153 2702 rei
1176 2635 1334 2721 exempla,
1360 2659 1432 2702 eum
1449 2659 1513 2702 non

225 2746 291 2809 sint
315 2767 361 2811 or.
386 2746 548 2830 obliquae,
575 2747 627 2812 hio
651 2746 892 2831 praetermitto.

295 3065 492 3130 ‘Videamus
516 3089 612 3146 nunc,
639 3066 759 3148 quibus
783 3066 856 3130 aliis
879 3070 1012 3148 praeter
1036 3072 1107 3143 „se“
1127 3064 1375 3145 pronominibus
1393 3071 1513 3133 Ammi-

228 3192 308 3234 anus
344 3194 421 3236 usus
457 3175 499 3237 sit
534 3174 576 3237 ad
611 3194 783 3256 personam
819 3176 908 3247 olus,
947 3174 1040 3236 cuias
1074 3172 1125 3235 661
1158 3173 1256 3236 ooo-bo
1288 3175 1338 3237 661
1372 3179 1514 3258 capitote

227 3280 428 3360 referantur,
454 3280 713 3364 significandam.
761 3281 852 3345 Haec
876 3286 952 3344 suot

697 3463 731 3530 2.
758 3478 937 3550 pronomen
964 3459 1048 3547 lpse.

315 3602 388 3666 Jam
412 3601 473 3668 hoe
505 3604 577 3668 loeo
609 3604 806 3668 monendum
841 3623 956 3665 censeo
981 3602 1142 3666 Ammiani
1173 3602 1374 3683 pronominis
1405 3606 1514 3685 „baso‘

227 3711 438 3793 usurpatione
456 3712 590 3794 probari
608 3713 651 3790 id,
677 3712 765 3793 quod
790 3717 880 3774 reete
905 3709 1107 3774 contendunt
1121 3707 1282 3790 Reisigius
1305 3709 1365 3784 III,
1394 3721 1455 3777 149
1482 3720 1514 3776 et

226 3815 447 3904 Draegerus‘l)
473 3820 562 3906 (pag.
589 3823 663 3906 81);
693 3819 773 3883 dicit
797 3820 879 3882 euim
906 3818 976 3881 hie:
1015 3817 1080 3897 „Es
1103 3817 1146 3880 ist
1169 3817 1261 3881 nicht
1285 3839 1324 3880 66
1348 3822 1511 3898 ervveiseu,

265 4015 287 4081 ¹)
301 4018 325 4080 J.
344 4020 376 4069 A.
396 4019 516 4086 Madvig,
536 4021 691 4070 lateinische
710 4018 896 4084 Spraehlehre,
924 4017 1129 4082 BraunschweIg
1148 4015 1217 4080 1857,
1244 4030 1268 4080 3.
1288 4018 1368 4078 Aull.;
1395 4027 1512 4084 quartam

300 4108 340 4158 ed.
360 4109 424 4157 mihi
444 4125 498 4158 non
518 4110 630 4173 contigit
649 4124 810 4172 comparare.

262 4193 287 4262 2)
304 4198 336 4247 A.
355 4198 483 4265 Draeger,
506 4200 663 4248 historische
688 4191 792 4261 Syntair‚
812 4211 836 4247 2.
856 4198 930 4258 Auo,
956 4197 1067 4261 Leipzig
1086 4192 1194 4259 18781'81.
1233 4197 1265 4246 cf.
1285 4196 1513 4248 Ellendt-Seissert

300 4283 318 4350 ξ
341 4299 397 4350 312,
422 4305 453 4338 zu
472 4300 498 4353 5,
527 4295 552 4337 et
570 4288 684 4349 Fritsch,
711 4277 782 4337 liber
805 4287 856 4335 den
882 4285 1116 4350 Sprachgebrauch
1140 4285 1185 4333 des
1211 4285 1326 4336 Velleius
1353 4288 1512 4352 Paterculus,

300 4376 391 4442 Progr.
412 4379 537 4428 Arustadt
558 4377 618 4440 1876
638 4394 664 4442 p.
685 4377 719 4427 18.

1316 4463 1355 4516 2*
