3282 4918
812 175 832 238 8

163 439 166 446 .
270 357 363 420 Hanc
386 352 526 418 mediam
550 352 636 416 inter
660 350 804 416 diversas
817 353 911 418 ,viam
936 352 1117 436 eligendam
1142 354 1298 437 putabam
1322 355 1462 438 primum

182 464 270 548 quod
293 463 457 548 propriae,
481 466 519 525 ut
540 461 589 524 ita
612 458 728 537 dicam,
755 466 788 525 et
812 461 1021 525 continuatae
1040 482 1086 528 or.
1103 460 1256 552 obliquae
1271 467 1340 526 tam
1355 483 1463 546 pauca

143 613 146 634 ,
180 571 329 656 exempla
363 571 396 634 in
433 568 594 632 Ammiani
628 567 721 634 libris
760 567 989 651 reperiantur,
1026 573 1063 632 ut
1093 569 1149 652 qui
1180 569 1223 633 sit
1254 569 1462 635 Ammianeus

180 703 257 746 usus
286 685 470 762 temporum
502 682 534 740 et
565 672 734 739 modorum
759 679 981 758 quantumque
1006 673 1210 740 descenderit
1240 677 1273 740 in
1305 675 1461 742 struendo

180 794 249 852 toto
280 785 343 850 hoc
373 805 490 868 genere
519 781 675 846 narrandi
707 805 726 847 a
758 803 848 846 more
879 782 1024 865 priorum
1057 783 1252 866 scriptorum
1285 805 1350 849 non
1381 787 1462 850 satis

181 893 332 976 cognosci
355 891 473 976 possit;
506 889 610 953 maior
633 889 735 972 igitur
757 889 902 954 locorum
927 889 1039 972 copia,
1071 910 1145 954 oum
1169 897 1201 956 ct
1224 891 1324 959 latius
1348 898 1381 956 et
1405 913 1460 956 an—

150 1003 153 1010 ’
179 1001 305 1084 gustius
329 997 471 1082 patentis
495 995 652 1060 orationis
683 993 836 1078 obliquae
868 994 980 1060 eadem
1012 996 1055 1060 sit
1086 999 1302 1076 constructi0,
1334 1021 1372 1063 ex
1404 999 1461 1064 illa

179 1109 247 1191 peti
271 1127 352 1190 opus
377 1091 435 1183 est,
460 1111 497 1168 ut
520 1125 572 1168 res
597 1101 777 1187 explicetur
801 1107 834 1167 et
857 1103 1040 1182 muniatur3
1072 1102 1188 1168 deinde
1219 1105 1307 1188 quod
1331 1106 1364 1170 in
1388 1128 1459 1171 sen-

179 1216 290 1281 tentiis
319 1215 360 1280 ab
390 1207 453 1278 hac
483 1211 754 1278 commentatione
786 1209 940 1276 seiunctis
970 1209 1060 1276 haud
1082 1211 1184 1276 multa
1216 1219 1343 1292 extant,
1376 1235 1459 1298 quae

179 1324 364 1407 discrepent
386 1325 445 1386 aut
469 1341 488 1384 a
511 1318 657 1402 priorum
681 1319 879 1401 scriptorum
903 1318 1086 1383 elocutione
1117 1325 1175 1383 aut
1204 1318 1245 1383 ab
1270 1342 1309 1384 ea
1332 1321 1459 1386 ratione

178 1430 329 1509 dicendi,
367 1450 465 1512 quam
496 1427 700 1491 Ammianum
737 1425 772 1489 in
801 1446 829 1492 o.
854 1447 882 1494 0.
913 1447 933 1490 a
964 1448 1015 1490 me
1046 1424 1181 1492 definita
1212 1433 1357 1494 secutum
1391 1452 1459 1494 esse

177 1539 240 1624 buo
265 1533 560 1600 demonstrabimus
584 1532 821 1599 dissertatione.

267 1640 360 1719 Quod
384 1640 504 1705 attinet
526 1637 569 1704 ad
592 1636 866 1723 interrogationes
890 1663 919 1724 q.
944 1637 974 1703 d.
1000 1640 1186 1718 indirectas,
1213 1640 1275 1707 hoo
1299 1663 1456 1707 unumne

177 1751 230 1816 hic
254 1748 384 1833 quidem
414 1745 690 1834 praetereundum
717 1746 862 1828 videtur,
895 1768 992 1835 saepe
1015 1747 1226 1814 indicativum
1250 1749 1381 1814 modum
1409 1750 1459 1814 in-

176 1858 288 1937 veniri,
311 1854 346 1919 id
363 1853 451 1940 quod
467 1860 543 1919 ante
555 1853 682 1924 Livium
695 1875 758 1918 non
771 1854 832 1918 nisi
845 1852 933 1938 apud
946 1855 1096 1933 comicos,
1114 1854 1202 1940 apud
1214 1857 1340 1921 Livium
1353 1858 1459 1945 ipsum

177 1966 227 2030 bis
243 1962 458 2030 animadverti
474 1961 696 2027 Kuehnastius
708 1960 732 2047 ¹)
750 1961 963 2039 demonstrat,
988 1963 1170 2045 posteriore
1187 1970 1295 2028 autem
1311 1970 1458 2050 tempore

176 2093 311 2157 perraro
342 2071 413 2136 fieri
438 2067 615 2154 Haasius2)
647 2067 816 2133 contendit
846 2068 879 2132 in
909 2066 1178 2134 adnotationibus
1207 2063 1250 2135 ad
1282 2071 1458 2157 Reisigium

178 2179 282 2244 factis.
331 2176 496 2262 Exemplis
520 2175 586 2240 sint
982 2177 987 2188 “
1138 2170 1140 2176 ’

178 2287 311 2367 XXVII,
338 2291 366 2363 5,
396 2292 427 2350 l:
460 2291 509 2349 est
531 2285 648 2348 missus
673 2283 863 2366 cogniturus
887 2290 1011 2367 aperte,
1037 2304 1134 2367 quarn
1159 2286 1200 2351 ob
1226 2309 1356 2353 causam
1379 2310 1459 2373 gens

336 2393 441 2458 amica
458 2393 611 2458 Romanis
630 2442 741 2456 .....
768 2412 933 2455 armorum
958 2393 1092 2458 dederet
1114 2392 1314 2459 adminicula
1336 2394 1457 2460 bellum

335 2500 539 2586 principibus
562 2499 716 2582 legitimis
740 2499 900 2564 inferenti.

176 2609 293 2688 XXXI,
320 2613 349 2687 2,
378 2614 432 2672 10:
458 2607 631 2692 nullusque
657 2657 663 2669 .
691 2662 697 2675 .
725 2663 731 2675 .
756 2607 964 2690 respondere,
990 2605 1075 2671 unde
1100 2609 1214 2686 oritur,
1238 2613 1348 2693 potest

176 2714 326 2793 XXVIII,
353 2720 382 2793 6,
409 2719 442 2777 9;
470 2713 586 2792 verbis,
612 2734 695 2797 quae
719 2714 865 2797 perpessi
888 2717 973 2792 suat,
997 2713 1221 2780 ostenderunt.

266 2821 402 2888 Contra:

62 3023 65 3030 ι
176 2930 326 3008 XXVIII,
353 2936 381 3008 6,
411 2935 466 2994 16;
506 2931 658 2995 Iovinum
688 2931 824 2994 mittunt
848 2930 963 3018 (cives)
988 2936 1088 3016 atque
1112 2932 1322 2998 Pancratium
1349 2983 1355 2997 .
1385 2984 1390 2996 .
1418 2983 1458 2997 ..

336 3060 419 3122 quae
450 3039 512 3123 ipsi
530 3040 680 3120 perpessi
702 3039 784 3118 sint,
817 3037 980 3104 docturos.

264 3146 365 3210 Plura
389 3146 536 3229 exempla
560 3145 694 3228 collegit
717 3146 967 3210 Hassensteinus
991 3146 1011 3213 l.
1037 3170 1062 3211 c.
1087 3169 1119 3229 p.
1145 3152 1196 3210 38.
1232 3149 1279 3212 De
1298 3147 1458 3211 Ammiani

175 3254 346 3318 modorum
371 3275 431 3318 usu
455 3253 488 3317 in
517 3253 686 3318 indireotis
709 3253 1023 3338 interrogationibus
1055 3254 1197 3319 breviter
1220 3253 1458 3339 Kallenbergus
1518 3317 1523 3325 .

176 3382 305 3445 quoque
337 3362 404 3444 egit
429 3362 450 3428 l.
476 3383 503 3426 o.
528 3381 602 3444 pag.
632 3365 679 3426 17.
727 3359 791 3425 Sed
821 3359 909 3443 quod
942 3362 1059 3427 refert:
1093 3363 1141 3445 „si
1171 3385 1240 3428 rem
1272 3363 1459 3429 accuratius

175 3468 349 3547 intuemur,
369 3467 511 3532 maxima
531 3488 607 3550 pars
624 3466 905 3533 coniunctivornm
922 3476 1051 3553 tempus
1067 3472 1289 3555 praeteritum
1300 3472 1458 3558 sequitur,

174 3598 246 3640 curn
271 3580 418 3658 tempore
439 3575 604 3658 praesenti
622 3574 836 3640 antecedente
852 3578 981 3660 saepius
997 3578 1193 3644 indicativus
1210 3581 1378 3646 adhibitus
1395 3582 1457 3645 0ἰοα

175 3665 256 3746 laiso
290 3680 443 3746 contendi
466 3681 701 3746 Ehrismannus
733 3681 753 3745 l.
785 3705 809 3747 c.
842 3704 916 3767 pag.
943 3689 982 3748 65
1007 3707 1054 3769 sq.
1087 3685 1210 3753 efficere
1237 3687 1458 3771 exemplisque

175 3789 283 3854 allatis
306 3789 448 3871 probare
472 3788 583 3853 studet
605 3789 677 3869 hoo,
704 3788 792 3872 quod
807 3790 876 3872 ipse
893 3790 1129 3858 observaverit:
1159 3794 1372 3875 „indicativus
1396 3782 1480 3858 non

175 3898 280 3961 minus
304 3918 401 3980 saepe
425 3901 553 3980 tempus
576 3897 792 3980 praeteritum
825 3918 922 3980 quam
954 3920 1109 3982 praesens
1138 3902 1296 3986 sequitur.
1343 3901 1459 3986 ltaque

174 4006 201 4069 si
224 4004 440 4088 praeteritum
463 4010 592 4087 tempus
616 4003 650 4067 in
675 4004 898 4070 enuntiatione
917 4006 1075 4090 primaria
1091 4013 1208 4087 exstat,
1234 4008 1458 4076 coniunctivus

173 4113 206 4176 in
228 4111 452 4178 enuntiatione
467 4112 623 4196 interrog.
642 4111 835 4195 plerumque
852 4113 1042 4194 collocatur,
1067 4113 1123 4179 sed
1139 4114 1334 4180 indicativus
1351 4116 1458 4182 locum

213 4276 233 4344 1)
252 4279 283 4327 L.
303 4279 433 4340 Kllhnast,
453 4278 496 4327 die
515 4275 704 4341 Hauptpunkte
723 4276 769 4324 der
788 4277 976 4329 Livianischen
996 4278 1100 4342 syntax,
1123 4281 1209 4330 Berlin
1230 4280 1298 4344 1872,
1318 4296 1379 4346 pag.
1400 4295 1458 4346 234.

210 4366 233 4435 ²)
251 4368 292 4417 Fr.
313 4367 410 4429 Haase,
431 4367 464 4418 K.
485 4367 598 4433 Reisig's
618 4367 799 4432 Vorlesungen
820 4385 883 4420 us.
904 4387 944 4432 w.,
965 4371 1024 4420 adn.
1044 4381 1103 4435 504,
1124 4387 1185 4439 pag.
1205 4385 1256 4436 493
1276 4388 1332 4438 sqq.
