<?xml version="1.0" encoding="UTF-8"?>
<!DOCTYPE html PUBLIC "-//W3C//DTD XHTML 1.0 Transitional//EN"
    "http://www.w3.org/TR/xhtml1/DTD/xhtml1-transitional.dtd">
<html xmlns="http://www.w3.org/1999/xhtml" xml:lang="en" lang="en">
 <head>
  <title>
</title>
<meta http-equiv="Content-Type" content="text/html;charset=utf-8" />
  <meta name='ocr-system' content='tesseract 3.04.00' />
  <meta name='ocr-capabilities' content='ocr_page ocr_carea ocr_par ocr_line ocrx_word'/>
</head>
<body>
  <div class='ocr_page' id='page_1' title='image "./deammianimarcel00reitgoog_0028.png"; bbox 0 0 3282 4918; ppageno 0'>
   <div class='ocr_carea' id='block_1_1' title="bbox 711 93 866 225">
    <p class='ocr_par' dir='ltr' id='par_1_1' title="bbox 711 93 866 225">
     <span class='ocr_line' id='line_1_1' title="bbox 711 93 866 225; baseline -0.013 0"><span class='ocrx_word' id='word_1_1' title='bbox 711 143 713 151; x_wconf 78' lang='grc'><strong>“</strong></span> <span class='ocrx_word' id='word_1_2' title='bbox 816 93 866 225; x_wconf 46' lang='lat' dir='ltr'>‘ae</span> 
     </span>
    </p>
   </div>
   <div class='ocr_carea' id='block_1_2' title="bbox 192 337 1502 4054">
    <p class='ocr_par' dir='ltr' id='par_1_2' title="bbox 362 337 1488 529">
     <span class='ocr_line' id='line_1_2' title="bbox 362 337 1488 422; baseline 0 -19"><span class='ocrx_word' id='word_1_3' title='bbox 362 339 520 422; x_wconf 82' lang='lat' dir='ltr'><strong>suscipiet</strong></span> <span class='ocrx_word' id='word_1_4' title='bbox 542 359 601 402; x_wconf 88' lang='lat' dir='ltr'>neo</span> <span class='ocrx_word' id='word_1_5' title='bbox 626 389 633 402; x_wconf 90' lang='lat'>.</span> <span class='ocrx_word' id='word_1_6' title='bbox 659 389 666 402; x_wconf 88' lang='lat'>.</span> <span class='ocrx_word' id='word_1_7' title='bbox 694 388 699 399; x_wconf 93' lang='lat'>.</span> <span class='ocrx_word' id='word_1_8' title='bbox 725 337 882 421; x_wconf 80' lang='lat' dir='ltr'>ignoscet,</span> <span class='ocrx_word' id='word_1_9' title='bbox 906 338 964 405; x_wconf 88' lang='lat' dir='ltr'>sed</span> <span class='ocrx_word' id='word_1_10' title='bbox 980 391 986 403; x_wconf 94' lang='lat'>.</span> <span class='ocrx_word' id='word_1_11' title='bbox 1005 390 1012 403; x_wconf 91' lang='lat'>.</span> <span class='ocrx_word' id='word_1_12' title='bbox 1030 393 1038 408; x_wconf 85' lang='lat'>.</span> <span class='ocrx_word' id='word_1_13' title='bbox 1057 389 1064 402; x_wconf 95' lang='lat'>.</span> <span class='ocrx_word' id='word_1_14' title='bbox 1084 389 1115 402; x_wconf 90' lang='lat'>..</span> <span class='ocrx_word' id='word_1_15' title='bbox 1140 339 1274 421; x_wconf 86' lang='lat' dir='ltr'>laqueos</span> <span class='ocrx_word' id='word_1_16' title='bbox 1300 339 1331 402; x_wconf 85' lang='grc'>11</span> <span class='ocrx_word' id='word_1_17' title='bbox 1344 338 1488 403; x_wconf 90' lang='lat' dir='ltr'>latenter</span> 
     </span>
     <span class='ocr_line' id='line_1_3' title="bbox 363 443 1293 529; baseline -0.001 -17"><span class='ocrx_word' id='word_1_18' title='bbox 363 444 554 523; x_wconf 90' lang='lat' dir='ltr'>obtendens,</span> <span class='ocrx_word' id='word_1_19' title='bbox 580 444 608 508; x_wconf 91' lang='lat' dir='ltr'>si</span> <span class='ocrx_word' id='word_1_20' title='bbox 631 445 773 529; x_wconf 77' lang='lat' dir='ltr'>cepisset</span> <span class='ocrx_word' id='word_1_21' title='bbox 795 443 974 526; x_wconf 90' lang='lat' dir='ltr'>incautum,</span> <span class='ocrx_word' id='word_1_22' title='bbox 998 451 1104 524; x_wconf 84' lang='lat' dir='ltr'>morte</span> <span class='ocrx_word' id='word_1_23' title='bbox 1129 445 1293 511; x_wconf 78' lang='lat' dir='ltr'>multaret.</span> 
     </span>
    </p>

    <p class='ocr_par' dir='ltr' id='par_1_3' title="bbox 198 553 1485 851">
     <span class='ocr_line' id='line_1_4' title="bbox 292 553 1485 638; baseline -0.001 -19"><span class='ocrx_word' id='word_1_24' title='bbox 292 553 374 619; x_wconf 81' lang='lat' dir='ltr'>(lum</span> <span class='ocrx_word' id='word_1_25' title='bbox 390 554 479 618; x_wconf 89' lang='lat' dir='ltr'>inter</span> <span class='ocrx_word' id='word_1_26' title='bbox 496 553 658 636; x_wconf 76' lang='lat' dir='ltr'>dirigebat</span> <span class='ocrx_word' id='word_1_27' title='bbox 673 557 707 617; x_wconf 93' lang='lat' dir='ltr'>et</span> <span class='ocrx_word' id='word_1_28' title='bbox 723 555 754 618; x_wconf 85' lang='lat' dir='ltr'>ei</span> <span class='ocrx_word' id='word_1_29' title='bbox 769 553 953 638; x_wconf 82' lang='lat' dir='ltr'><strong>complures</strong></span> <span class='ocrx_word' id='word_1_30' title='bbox 969 554 1151 619; x_wconf 89' lang='lat' dir='ltr'>sententiae</span> <span class='ocrx_word' id='word_1_31' title='bbox 1173 553 1387 637; x_wconf 83' lang='lat' dir='ltr'>interpositae</span> <span class='ocrx_word' id='word_1_32' title='bbox 1411 555 1485 634; x_wconf 87' lang='lat' dir='ltr'>sint,</span> 
     </span>
     <span class='ocr_line' id='line_1_5' title="bbox 199 659 1485 744; baseline -0.003 -14"><span class='ocrx_word' id='word_1_33' title='bbox 199 663 296 730; x_wconf 87' lang='lat' dir='ltr'>facile</span> <span class='ocrx_word' id='word_1_34' title='bbox 319 660 394 727; x_wconf 89' lang='lat' dir='ltr'>fieri</span> <span class='ocrx_word' id='word_1_35' title='bbox 416 660 535 744; x_wconf 92' lang='lat' dir='ltr'>potuit,</span> <span class='ocrx_word' id='word_1_36' title='bbox 559 664 597 724; x_wconf 92' lang='lat' dir='ltr'>ut</span> <span class='ocrx_word' id='word_1_37' title='bbox 620 660 763 743; x_wconf 85' lang='lat' dir='ltr'>scriptor</span> <span class='ocrx_word' id='word_1_38' title='bbox 785 660 976 726; x_wconf 90' lang='lat' dir='ltr'>relationem</span> <span class='ocrx_word' id='word_1_39' title='bbox 1000 660 1201 744; x_wconf 89' lang='lat' dir='ltr'>pronominis</span> <span class='ocrx_word' id='word_1_40' title='bbox 1229 659 1273 726; x_wconf 88' lang='lat' dir='ltr'>ad</span> <span class='ocrx_word' id='word_1_41' title='bbox 1303 661 1485 727; x_wconf 87' lang='lat' dir='ltr'>subiectum</span> 
     </span>
     <span class='ocr_line' id='line_1_6' title="bbox 198 766 1263 851; baseline -0.001 -17"><span class='ocrx_word' id='word_1_42' title='bbox 198 771 291 837; x_wconf 90' lang='lat' dir='ltr'>verbi</span> <span class='ocrx_word' id='word_1_43' title='bbox 316 766 447 835; x_wconf 90' lang='lat' dir='ltr'>dicendi</span> <span class='ocrx_word' id='word_1_44' title='bbox 470 789 535 832; x_wconf 91' lang='lat' dir='ltr'>non</span> <span class='ocrx_word' id='word_1_45' title='bbox 558 767 625 832; x_wconf 84' lang='lat' dir='ltr'>inm</span> <span class='ocrx_word' id='word_1_46' title='bbox 647 768 857 851; x_wconf 85' lang='lat' dir='ltr'>perspicuam</span> <span class='ocrx_word' id='word_1_47' title='bbox 881 774 957 834; x_wconf 88' lang='lat' dir='ltr'>ante</span> <span class='ocrx_word' id='word_1_48' title='bbox 981 768 1092 833; x_wconf 91' lang='lat' dir='ltr'>oculos</span> <span class='ocrx_word' id='word_1_49' title='bbox 1115 767 1263 833; x_wconf 88' lang='lat' dir='ltr'>haberet.</span> 
     </span>
    </p>

    <p class='ocr_par' dir='ltr' id='par_1_4' title="bbox 198 874 1486 1156">
     <span class='ocr_line' id='line_1_7' title="bbox 198 874 1486 965; baseline -0.001 -22"><span class='ocrx_word' id='word_1_50' title='bbox 198 878 306 959; x_wconf 86' lang='lat' dir='ltr'>XXV,</span> <span class='ocrx_word' id='word_1_51' title='bbox 339 882 373 955; x_wconf 88' lang='lat'>8,</span> <span class='ocrx_word' id='word_1_52' title='bbox 408 881 464 940; x_wconf 81' lang='lat'>14:</span> <span class='ocrx_word' id='word_1_53' title='bbox 498 896 555 958; x_wconf 88' lang='lat' dir='ltr'>spe</span> <span class='ocrx_word' id='word_1_54' title='bbox 585 874 764 939; x_wconf 90' lang='lat' dir='ltr'>sustentari</span> <span class='ocrx_word' id='word_1_55' title='bbox 786 880 966 958; x_wconf 90' lang='lat' dir='ltr'>potuerunt</span> <span class='ocrx_word' id='word_1_56' title='bbox 1117 875 1234 958; x_wconf 82' lang='lat' dir='ltr'>qucd¹)</span> <span class='ocrx_word' id='word_1_57' title='bbox 1258 875 1347 940; x_wconf 80' lang='lat' dir='ltr'>velut</span> <span class='ocrx_word' id='word_1_58' title='bbox 1370 882 1486 965; x_wconf 88' lang='lat' dir='ltr'>suopte</span> 
     </span>
     <span class='ocr_line' id='line_1_8' title="bbox 360 981 1486 1068; baseline 0.002 -22"><span class='ocrx_word' id='word_1_59' title='bbox 360 988 455 1047; x_wconf 91' lang='lat' dir='ltr'>motu</span> <span class='ocrx_word' id='word_1_60' title='bbox 478 981 529 1046; x_wconf 81' lang='lat' dir='ltr'>vel</span> <span class='ocrx_word' id='word_1_61' title='bbox 552 988 708 1048; x_wconf 86' lang='lat' dir='ltr'>exoratus</span> <span class='ocrx_word' id='word_1_62' title='bbox 733 1004 842 1050; x_wconf 79' lang='lat' dir='ltr'>eorum</span> <span class='ocrx_word' id='word_1_63' title='bbox 863 983 1016 1068; x_wconf 87' lang='lat' dir='ltr'>precibus</span> <span class='ocrx_word' id='word_1_64' title='bbox 1039 984 1220 1068; x_wconf 89' lang='lat' dir='ltr'>imperator</span> <span class='ocrx_word' id='word_1_65' title='bbox 1251 983 1365 1050; x_wconf 90' lang='lat' dir='ltr'>eodem</span> <span class='ocrx_word' id='word_1_66' title='bbox 1397 988 1486 1048; x_wconf 87' lang='lat' dir='ltr'>stetu</span> 
     </span>
     <span class='ocr_line' id='line_1_9' title="bbox 361 1090 656 1156; baseline 0 0"><span class='ocrx_word' id='word_1_67' title='bbox 361 1090 517 1156; x_wconf 85' lang='lat' dir='ltr'>retinebit</span> <span class='ocrx_word' id='word_1_68' title='bbox 540 1090 656 1156; x_wconf 90' lang='lat' dir='ltr'>urbem</span> 
     </span>
    </p>

    <p class='ocr_par' dir='ltr' id='par_1_5' title="bbox 411 1195 1502 1392">
     <span class='ocr_line' id='line_1_10' title="bbox 411 1195 1502 1284; baseline -0.002 -22"><span class='ocrx_word' id='word_1_69' title='bbox 411 1204 446 1284; x_wconf 81' lang='grc' dir='ltr'>β)</span> <span class='ocrx_word' id='word_1_70' title='bbox 470 1197 623 1265; x_wconf 83' lang='lat' dir='ltr'>infinitivi</span> <span class='ocrx_word' id='word_1_71' title='bbox 646 1221 673 1265; x_wconf 88' lang='lat' dir='ltr'>c.</span> <span class='ocrx_word' id='word_1_72' title='bbox 698 1221 764 1266; x_wconf 88' lang='lat' dir='ltr'>acc.</span> <span class='ocrx_word' id='word_1_73' title='bbox 781 1204 950 1266; x_wconf 87' lang='lat' dir='ltr'>structura</span> <span class='ocrx_word' id='word_1_74' title='bbox 965 1199 1129 1266; x_wconf 89' lang='lat' dir='ltr'>adiunctis</span> <span class='ocrx_word' id='word_1_75' title='bbox 1145 1197 1188 1264; x_wconf 87' lang='lat' dir='ltr'>ad</span> <span class='ocrx_word' id='word_1_76' title='bbox 1205 1196 1340 1263; x_wconf 82' lang='lat' dir='ltr'>verbum</span> <span class='ocrx_word' id='word_1_77' title='bbox 1357 1195 1502 1262; x_wconf 33' lang='lat' dir='ltr'>fficendir</span> 
     </span>
     <span class='ocr_line' id='line_1_11' title="bbox 467 1304 1064 1392; baseline 0.003 -22"><span class='ocrx_word' id='word_1_78' title='bbox 467 1329 495 1372; x_wconf 84' lang='lat' dir='ltr'>v.</span> <span class='ocrx_word' id='word_1_79' title='bbox 520 1305 692 1387; x_wconf 90' lang='lat' dir='ltr'>sentiendi,</span> <span class='ocrx_word' id='word_1_80' title='bbox 717 1304 752 1371; x_wconf 94' lang='lat' dir='ltr'>id</span> <span class='ocrx_word' id='word_1_81' title='bbox 775 1307 864 1392; x_wconf 90' lang='lat' dir='ltr'>quod</span> <span class='ocrx_word' id='word_1_82' title='bbox 887 1309 987 1374; x_wconf 87' lang='lat' dir='ltr'>semel</span> <span class='ocrx_word' id='word_1_83' title='bbox 1010 1305 1064 1372; x_wconf 92' lang='lat' dir='ltr'>fit:</span> 
     </span>
    </p>

    <p class='ocr_par' dir='ltr' id='par_1_6' title="bbox 199 1413 1484 1606">
     <span class='ocr_line' id='line_1_12' title="bbox 199 1413 1484 1502; baseline -0.005 -20"><span class='ocrx_word' id='word_1_84' title='bbox 199 1417 290 1498; x_wconf 92' lang='lat' dir='ltr'>XIV,</span> <span class='ocrx_word' id='word_1_85' title='bbox 324 1422 380 1494; x_wconf 93' lang='grc'>11,</span> <span class='ocrx_word' id='word_1_86' title='bbox 418 1419 474 1478; x_wconf 89' lang='lat'>15:</span> <span class='ocrx_word' id='word_1_87' title='bbox 507 1415 656 1500; x_wconf 89' lang='lat' dir='ltr'>conperit</span> <span class='ocrx_word' id='word_1_88' title='bbox 679 1413 823 1502; x_wconf 87' lang='lat' dir='ltr'>(Gallus)</span> <span class='ocrx_word' id='word_1_89' title='bbox 848 1415 1017 1481; x_wconf 86' lang='lat' dir='ltr'>Thebaeas</span> <span class='ocrx_word' id='word_1_90' title='bbox 1048 1415 1193 1500; x_wconf 84' lang='lat' dir='ltr'>legiones</span> <span class='ocrx_word' id='word_1_91' title='bbox 1218 1417 1385 1479; x_wconf 88' lang='lat' dir='ltr'>consortes</span> <span class='ocrx_word' id='word_1_92' title='bbox 1409 1431 1484 1477; x_wconf 89' lang='lat' dir='ltr'>suos</span> 
     </span>
     <span class='ocr_line' id='line_1_13' title="bbox 360 1521 1361 1606; baseline -0.004 -18"><span class='ocrx_word' id='word_1_93' title='bbox 360 1523 487 1588; x_wconf 89' lang='lat' dir='ltr'>misisse</span> <span class='ocrx_word' id='word_1_94' title='bbox 511 1521 670 1606; x_wconf 88' lang='lat' dir='ltr'>quosdam</span> <span class='ocrx_word' id='word_1_95' title='bbox 695 1545 768 1588; x_wconf 81' lang='lat' dir='ltr'>eum</span> <span class='ocrx_word' id='word_1_96' title='bbox 790 1529 828 1588; x_wconf 88' lang='lat' dir='ltr'>ut</span> <span class='ocrx_word' id='word_1_97' title='bbox 851 1529 1109 1589; x_wconf 89' lang='lat' dir='ltr'>remaneret...</span> <span class='ocrx_word' id='word_1_98' title='bbox 1129 1575 1135 1588; x_wconf 95' lang='lat'>.</span> <span class='ocrx_word' id='word_1_99' title='bbox 1160 1522 1361 1586; x_wconf 87' lang='lat' dir='ltr'>hortaturos.</span> 
     </span>
    </p>

    <p class='ocr_par' dir='ltr' id='par_1_7' title="bbox 201 1627 1485 2039">
     <span class='ocr_line' id='line_1_14' title="bbox 287 1627 1485 1714; baseline -0.003 -18"><span class='ocrx_word' id='word_1_100' title='bbox 287 1630 428 1696; x_wconf 88' lang='lat' dir='ltr'>Videtur</span> <span class='ocrx_word' id='word_1_101' title='bbox 451 1629 636 1714; x_wconf 82' lang='lat' dir='ltr'>exemplum</span> <span class='ocrx_word' id='word_1_102' title='bbox 659 1630 722 1696; x_wconf 91' lang='lat' dir='ltr'>hoo</span> <span class='ocrx_word' id='word_1_103' title='bbox 746 1629 877 1714; x_wconf 92' lang='lat' dir='ltr'>quidem</span> <span class='ocrx_word' id='word_1_104' title='bbox 900 1652 965 1695; x_wconf 90' lang='lat' dir='ltr'>nou</span> <span class='ocrx_word' id='word_1_105' title='bbox 989 1652 1170 1714; x_wconf 82' lang='lat' dir='ltr'>congruere</span> <span class='ocrx_word' id='word_1_106' title='bbox 1186 1628 1250 1694; x_wconf 84' lang='lat' dir='ltr'>illis</span> <span class='ocrx_word' id='word_1_107' title='bbox 1272 1627 1428 1712; x_wconf 84' lang='lat' dir='ltr'>Madvigii</span> <span class='ocrx_word' id='word_1_108' title='bbox 1451 1630 1485 1692; x_wconf 85' lang='lat' dir='ltr'>et</span> 
     </span>
     <span class='ocr_line' id='line_1_15' title="bbox 201 1735 1483 1822; baseline -0.004 -18"><span class='ocrx_word' id='word_1_109' title='bbox 201 1738 410 1804; x_wconf 79' lang='lat' dir='ltr'>Anderssonii</span> <span class='ocrx_word' id='word_1_110' title='bbox 426 1737 549 1819; x_wconf 86' lang='lat' dir='ltr'>verbis;</span> <span class='ocrx_word' id='word_1_111' title='bbox 575 1744 611 1803; x_wconf 89' lang='lat' dir='ltr'>at</span> <span class='ocrx_word' id='word_1_112' title='bbox 626 1738 836 1822; x_wconf 88' lang='lat' dir='ltr'>participium</span> <span class='ocrx_word' id='word_1_113' title='bbox 852 1739 1037 1805; x_wconf 80' lang='lat' dir='ltr'>hortaturos</span> <span class='ocrx_word' id='word_1_114' title='bbox 1052 1738 1123 1803; x_wconf 91' lang='lat' dir='ltr'>loco</span> <span class='ocrx_word' id='word_1_115' title='bbox 1138 1743 1190 1802; x_wconf 88' lang='lat' dir='ltr'>est</span> <span class='ocrx_word' id='word_1_116' title='bbox 1203 1736 1365 1802; x_wconf 88' lang='lat' dir='ltr'>enuntiati</span> <span class='ocrx_word' id='word_1_117' title='bbox 1378 1735 1483 1800; x_wconf 88' lang='lat' dir='ltr'>finalis</span> 
     </span>
     <span class='ocr_line' id='line_1_16' title="bbox 202 1841 1484 1933; baseline -0.002 -23"><span class='ocrx_word' id='word_1_118' title='bbox 202 1846 261 1932; x_wconf 92' lang='lat'>(=</span> <span class='ocrx_word' id='word_1_119' title='bbox 284 1851 321 1910; x_wconf 92' lang='lat' dir='ltr'>ut</span> <span class='ocrx_word' id='word_1_120' title='bbox 343 1867 370 1912; x_wconf 85' lang='lat' dir='ltr'>v.</span> <span class='ocrx_word' id='word_1_121' title='bbox 397 1845 455 1930; x_wconf 92' lang='lat' dir='ltr'>qui</span> <span class='ocrx_word' id='word_1_122' title='bbox 477 1843 717 1933; x_wconf 81' lang='lat' dir='ltr'>hortarentur),</span> <span class='ocrx_word' id='word_1_123' title='bbox 742 1867 764 1909; x_wconf 91' lang='lat' dir='ltr'>u</span> <span class='ocrx_word' id='word_1_124' title='bbox 804 1867 876 1912; x_wconf 81' lang='lat' dir='ltr'>eam</span> <span class='ocrx_word' id='word_1_125' title='bbox 899 1846 1058 1930; x_wconf 86' lang='lat' dir='ltr'>scriptum</span> <span class='ocrx_word' id='word_1_126' title='bbox 1075 1845 1130 1910; x_wconf 86' lang='lat' dir='ltr'>&#39;sit</span> <span class='ocrx_word' id='word_1_127' title='bbox 1159 1866 1175 1908; x_wconf 93' lang='lat' dir='ltr'>e</span> <span class='ocrx_word' id='word_1_128' title='bbox 1208 1843 1407 1927; x_wconf 83' lang='lat' dir='ltr'>cogitatione</span> <span class='ocrx_word' id='word_1_129' title='bbox 1437 1841 1484 1907; x_wconf 89' lang='lat' dir='ltr'>le-</span> 
     </span>
     <span class='ocr_line' id='line_1_17' title="bbox 203 1951 559 2039; baseline 0.011 -21"><span class='ocrx_word' id='word_1_130' title='bbox 203 1955 345 2039; x_wconf 89' lang='lat' dir='ltr'>gionum,</span> <span class='ocrx_word' id='word_1_131' title='bbox 371 1974 439 2019; x_wconf 90' lang='lat' dir='ltr'>non</span> <span class='ocrx_word' id='word_1_132' title='bbox 462 1951 559 2022; x_wconf 84' lang='lat' dir='ltr'>Galli.</span> 
     </span>
    </p>

    <p class='ocr_par' dir='ltr' id='par_1_8' title="bbox 198 2058 1484 2469">
     <span class='ocr_line' id='line_1_18' title="bbox 290 2058 1484 2145; baseline -0.002 -19"><span class='ocrx_word' id='word_1_133' title='bbox 290 2060 370 2126; x_wconf 85' lang='lat' dir='ltr'>Cum</span> <span class='ocrx_word' id='word_1_134' title='bbox 394 2060 429 2125; x_wconf 89' lang='lat' dir='ltr'>in</span> <span class='ocrx_word' id='word_1_135' title='bbox 452 2060 503 2124; x_wconf 90' lang='lat' dir='ltr'>his</span> <span class='ocrx_word' id='word_1_136' title='bbox 525 2058 633 2125; x_wconf 88' lang='lat' dir='ltr'>tribus</span> <span class='ocrx_word' id='word_1_137' title='bbox 657 2061 813 2142; x_wconf 86' lang='lat' dir='ltr'>exemplis</span> <span class='ocrx_word' id='word_1_138' title='bbox 836 2081 1016 2145; x_wconf 90' lang='lat' dir='ltr'>pronomen</span> <span class='ocrx_word' id='word_1_139' title='bbox 1040 2063 1069 2128; x_wconf 83' lang='lat' dir='ltr'>c&#39;s</span> <span class='ocrx_word' id='word_1_140' title='bbox 1086 2059 1270 2126; x_wconf 90' lang='lat' dir='ltr'>adhibitum</span> <span class='ocrx_word' id='word_1_141' title='bbox 1287 2061 1330 2126; x_wconf 91' lang='lat' dir='ltr'>sit</span> <span class='ocrx_word' id='word_1_142' title='bbox 1345 2059 1417 2124; x_wconf 90' lang='lat' dir='ltr'>loeo</span> <span class='ocrx_word' id='word_1_143' title='bbox 1433 2081 1484 2124; x_wconf 90' lang='lat' dir='ltr'>re-</span> 
     </span>
     <span class='ocr_line' id='line_1_19' title="bbox 198 2165 1484 2254; baseline -0.002 -22"><span class='ocrx_word' id='word_1_144' title='bbox 198 2165 307 2234; x_wconf 84' lang='lat' dir='ltr'>flexivi</span> <span class='ocrx_word' id='word_1_145' title='bbox 329 2174 367 2234; x_wconf 91' lang='grc'>11</span> <span class='ocrx_word' id='word_1_146' title='bbox 392 2189 432 2232; x_wconf 82' lang='lat' dir='ltr'>ea</span> <span class='ocrx_word' id='word_1_147' title='bbox 454 2167 629 2245; x_wconf 81' lang='lat' dir='ltr'>sententio,</span> <span class='ocrx_word' id='word_1_148' title='bbox 661 2189 746 2250; x_wconf 79' lang='lat' dir='ltr'>quoe</span> <span class='ocrx_word' id='word_1_149' title='bbox 774 2171 918 2254; x_wconf 78' lang='lat' dir='ltr'>pendeat</span> <span class='ocrx_word' id='word_1_150' title='bbox 941 2190 980 2234; x_wconf 83' lang='lat' dir='ltr'>en</span> <span class='ocrx_word' id='word_1_151' title='bbox 1003 2171 1073 2253; x_wconf 78' lang='lat' dir='ltr'>ipso</span> <span class='ocrx_word' id='word_1_152' title='bbox 1095 2168 1188 2233; x_wconf 83' lang='lat' dir='ltr'>verbo</span> <span class='ocrx_word' id='word_1_153' title='bbox 1210 2167 1389 2246; x_wconf 80' lang='lat' dir='ltr'>sentiendi,</span> <span class='ocrx_word' id='word_1_154' title='bbox 1419 2187 1484 2230; x_wconf 90' lang='lat' dir='ltr'>nou</span> 
     </span>
     <span class='ocr_line' id='line_1_20' title="bbox 198 2275 419 2340; baseline -0.009 0"><span class='ocrx_word' id='word_1_155' title='bbox 198 2275 284 2340; x_wconf 92' lang='lat' dir='ltr'>idem</span> <span class='ocrx_word' id='word_1_156' title='bbox 309 2281 359 2340; x_wconf 88' lang='lat' dir='ltr'>est</span> <span class='ocrx_word' id='word_1_157' title='bbox 384 2275 419 2339; x_wconf 91' lang='lat' dir='ltr'>in</span> 
     </span>
     <span class='ocr_line' id='line_1_21' title="bbox 199 2379 1484 2469; baseline -0.002 -23"><span class='ocrx_word' id='word_1_158' title='bbox 199 2381 267 2460; x_wconf 88' lang='lat' dir='ltr'>XX,</span> <span class='ocrx_word' id='word_1_159' title='bbox 294 2388 324 2469; x_wconf 86' lang='lat'>4,</span> <span class='ocrx_word' id='word_1_160' title='bbox 355 2387 390 2446; x_wconf 84' lang='lat'>8:</span> <span class='ocrx_word' id='word_1_161' title='bbox 416 2381 580 2448; x_wconf 88' lang='lat' dir='ltr'>adiectum</span> <span class='ocrx_word' id='word_1_162' title='bbox 596 2386 647 2446; x_wconf 87' lang='lat' dir='ltr'>est</span> <span class='ocrx_word' id='word_1_163' title='bbox 670 2382 758 2466; x_wconf 91' lang='lat' dir='ltr'>quod</span> <span class='ocrx_word' id='word_1_164' title='bbox 773 2435 779 2449; x_wconf 94' lang='lat'>.</span> <span class='ocrx_word' id='word_1_165' title='bbox 794 2435 822 2449; x_wconf 90' lang='lat'>..</span> <span class='ocrx_word' id='word_1_166' title='bbox 846 2385 916 2468; x_wconf 88' lang='lat' dir='ltr'>ipse</span> <span class='ocrx_word' id='word_1_167' title='bbox 929 2435 937 2449; x_wconf 93' lang='lat'>.</span> <span class='ocrx_word' id='word_1_168' title='bbox 952 2434 982 2449; x_wconf 91' lang='lat'>..</span> <span class='ocrx_word' id='word_1_169' title='bbox 1007 2384 1173 2467; x_wconf 89' lang='lat' dir='ltr'>proiceret</span> <span class='ocrx_word' id='word_1_170' title='bbox 1194 2381 1335 2465; x_wconf 89' lang='lat' dir='ltr'>insignia</span> <span class='ocrx_word' id='word_1_171' title='bbox 1363 2379 1484 2464; x_wconf 88' lang='lat' dir='ltr'>princi-</span> 
     </span>
    </p>

    <p class='ocr_par' dir='ltr' id='par_1_9' title="bbox 358 2489 1484 2684">
     <span class='ocr_line' id='line_1_22' title="bbox 358 2489 1484 2574; baseline -0.003 -20"><span class='ocrx_word' id='word_1_172' title='bbox 358 2494 466 2573; x_wconf 91' lang='lat' dir='ltr'>patus,</span> <span class='ocrx_word' id='word_1_173' title='bbox 484 2489 663 2574; x_wconf 91' lang='lat' dir='ltr'>gloriosum</span> <span class='ocrx_word' id='word_1_174' title='bbox 679 2511 747 2556; x_wconf 89' lang='lat' dir='ltr'>esse</span> <span class='ocrx_word' id='word_1_175' title='bbox 765 2492 953 2558; x_wconf 86' lang='lat' dir='ltr'>existimans</span> <span class='ocrx_word' id='word_1_176' title='bbox 969 2493 1058 2557; x_wconf 90' lang='lat' dir='ltr'>iussa</span> <span class='ocrx_word' id='word_1_177' title='bbox 1073 2495 1179 2555; x_wconf 91' lang='lat' dir='ltr'>morte</span> <span class='ocrx_word' id='word_1_178' title='bbox 1196 2494 1361 2573; x_wconf 88' lang='lat' dir='ltr'>oppetere,</span> <span class='ocrx_word' id='word_1_179' title='bbox 1386 2509 1484 2572; x_wconf 89' lang='lat' dir='ltr'>quam</span> 
     </span>
     <span class='ocr_line' id='line_1_23' title="bbox 361 2597 1049 2684; baseline 0.006 -22"><span class='ocrx_word' id='word_1_180' title='bbox 361 2599 392 2662; x_wconf 81' lang='lat' dir='ltr'>ei</span> <span class='ocrx_word' id='word_1_181' title='bbox 415 2597 656 2680; x_wconf 83' lang='lat' dir='ltr'>provinciarum</span> <span class='ocrx_word' id='word_1_182' title='bbox 680 2599 850 2668; x_wconf 87' lang='lat' dir='ltr'>interitum</span> <span class='ocrx_word' id='word_1_183' title='bbox 873 2601 1049 2684; x_wconf 89' lang='lat' dir='ltr'>adsignari.</span> 
     </span>
    </p>

    <p class='ocr_par' dir='ltr' id='par_1_10' title="bbox 193 2703 1485 3646">
     <span class='ocr_line' id='line_1_24' title="bbox 289 2703 1484 2791; baseline 0 -25"><span class='ocrx_word' id='word_1_184' title='bbox 289 2703 424 2768; x_wconf 89' lang='lat' dir='ltr'>Duabus</span> <span class='ocrx_word' id='word_1_185' title='bbox 456 2725 496 2768; x_wconf 87' lang='lat' dir='ltr'>ex</span> <span class='ocrx_word' id='word_1_186' title='bbox 527 2704 633 2769; x_wconf 90' lang='lat' dir='ltr'>causis</span> <span class='ocrx_word' id='word_1_187' title='bbox 663 2705 726 2770; x_wconf 93' lang='lat' dir='ltr'>hoc</span> <span class='ocrx_word' id='word_1_188' title='bbox 756 2706 829 2772; x_wconf 90' lang='lat' dir='ltr'>loco</span> <span class='ocrx_word' id='word_1_189' title='bbox 853 2729 946 2791; x_wconf 90' lang='lat' dir='ltr'>pron.</span> <span class='ocrx_word' id='word_1_190' title='bbox 972 2711 1003 2774; x_wconf 81' lang='lat' dir='ltr'>ei</span> <span class='ocrx_word' id='word_1_191' title='bbox 1025 2713 1219 2790; x_wconf 87' lang='lat' dir='ltr'>usurpatum</span> <span class='ocrx_word' id='word_1_192' title='bbox 1244 2709 1308 2770; x_wconf 89' lang='lat' dir='ltr'>est:</span> <span class='ocrx_word' id='word_1_193' title='bbox 1342 2705 1484 2786; x_wconf 89' lang='lat' dir='ltr'>primum</span> 
     </span>
     <span class='ocr_line' id='line_1_25' title="bbox 199 2809 1484 2899; baseline 0 -25"><span class='ocrx_word' id='word_1_194' title='bbox 199 2811 287 2894; x_wconf 90' lang='lat' dir='ltr'>quod</span> <span class='ocrx_word' id='word_1_195' title='bbox 309 2811 513 2892; x_wconf 84' lang='lat' dir='ltr'>interpositis</span> <span class='ocrx_word' id='word_1_196' title='bbox 536 2811 609 2875; x_wconf 91' lang='lat' dir='ltr'>aliis</span> <span class='ocrx_word' id='word_1_197' title='bbox 632 2813 802 2878; x_wconf 88' lang='lat' dir='ltr'>sententiis</span> <span class='ocrx_word' id='word_1_198' title='bbox 827 2812 882 2899; x_wconf 87' lang='lat' dir='ltr'>(cf.</span> <span class='ocrx_word' id='word_1_199' title='bbox 900 2836 1000 2898; x_wconf 84' lang='lat' dir='ltr'>supra</span> <span class='ocrx_word' id='word_1_200' title='bbox 1014 2812 1100 2891; x_wconf 80' lang='lat' dir='ltr'>XIV,</span> <span class='ocrx_word' id='word_1_201' title='bbox 1130 2817 1179 2890; x_wconf 89' lang='lat' dir='ltr'>ll,</span> <span class='ocrx_word' id='word_1_202' title='bbox 1207 2809 1240 2898; x_wconf 82' lang='lat'>7)</span> <span class='ocrx_word' id='word_1_203' title='bbox 1263 2811 1359 2894; x_wconf 87' lang='lat' dir='ltr'>louge</span> <span class='ocrx_word' id='word_1_204' title='bbox 1383 2809 1484 2875; x_wconf 89' lang='lat' dir='ltr'>distat</span> 
     </span>
     <span class='ocr_line' id='line_1_26' title="bbox 199 2917 1484 3006; baseline 0 -24"><span class='ocrx_word' id='word_1_205' title='bbox 199 2917 240 2983; x_wconf 93' lang='lat' dir='ltr'>ab</span> <span class='ocrx_word' id='word_1_206' title='bbox 264 2917 364 2983; x_wconf 85' lang='lat' dir='ltr'>verbo</span> <span class='ocrx_word' id='word_1_207' title='bbox 389 2917 519 2984; x_wconf 89' lang='lat' dir='ltr'>dicendi</span> <span class='ocrx_word' id='word_1_208' title='bbox 541 2919 724 2996; x_wconf 78' lang='lat' dir='ltr'>„adiectam</span> <span class='ocrx_word' id='word_1_209' title='bbox 748 2925 821 2998; x_wconf 79' lang='lat' dir='ltr'>est‘,</span> <span class='ocrx_word' id='word_1_210' title='bbox 854 2921 970 2985; x_wconf 90' lang='lat' dir='ltr'>deinde</span> <span class='ocrx_word' id='word_1_211' title='bbox 998 2921 1086 3004; x_wconf 90' lang='lat' dir='ltr'>quod</span> <span class='ocrx_word' id='word_1_212' title='bbox 1112 2919 1288 3006; x_wconf 87' lang='lat' dir='ltr'>[sententia</span> <span class='ocrx_word' id='word_1_213' title='bbox 1312 2940 1429 3000; x_wconf 82' lang='lat' dir='ltr'>„quum</span> <span class='ocrx_word' id='word_1_214' title='bbox 1454 2920 1484 2983; x_wconf 86' lang='grc'>11</span> 
     </span>
     <span class='ocr_line' id='line_1_27' title="bbox 199 3024 1483 3109; baseline -0.003 -18"><span class='ocrx_word' id='word_1_215' title='bbox 199 3063 240 3073; x_wconf 91' lang='grc'>-</span> <span class='ocrx_word' id='word_1_216' title='bbox 264 3027 457 3109; x_wconf 65' lang='grc' dir='ltr'>1113191111ί</span> <span class='ocrx_word' id='word_1_217' title='bbox 479 3024 551 3090; x_wconf 88' lang='lat' dir='ltr'>loco</span> <span class='ocrx_word' id='word_1_218' title='bbox 582 3028 632 3089; x_wconf 87' lang='lat' dir='ltr'>est</span> <span class='ocrx_word' id='word_1_219' title='bbox 662 3026 823 3090; x_wconf 86' lang='lat' dir='ltr'>enuntiati</span> <span class='ocrx_word' id='word_1_220' title='bbox 854 3027 1087 3093; x_wconf 88' lang='lat' dir='ltr'>condicionalis</span> <span class='ocrx_word' id='word_1_221' title='bbox 1112 3058 1153 3083; x_wconf 92' lang='lat'>=</span> <span class='ocrx_word' id='word_1_222' title='bbox 1178 3025 1328 3108; x_wconf 90' lang='lat' dir='ltr'>quamsi</span> <span class='ocrx_word' id='word_1_223' title='bbox 1352 3025 1380 3089; x_wconf 93' lang='lat' dir='ltr'>ei</span> <span class='ocrx_word' id='word_1_224' title='bbox 1407 3045 1483 3106; x_wconf 92' lang='lat' dir='ltr'>pro-</span> 
     </span>
     <span class='ocr_line' id='line_1_28' title="bbox 195 3130 1485 3219; baseline -0.001 -23"><span class='ocrx_word' id='word_1_225' title='bbox 195 3132 376 3198; x_wconf 84' lang='lat' dir='ltr'>vinciarum</span> <span class='ocrx_word' id='word_1_226' title='bbox 405 3132 560 3196; x_wconf 86' lang='lat' dir='ltr'>interitus</span> <span class='ocrx_word' id='word_1_227' title='bbox 591 3130 837 3214; x_wconf 85' lang='lat' dir='ltr'>adsignaretur,</span> <span class='ocrx_word' id='word_1_228' title='bbox 871 3156 937 3217; x_wconf 86' lang='lat' dir='ltr'>qua</span> <span class='ocrx_word' id='word_1_229' title='bbox 959 3135 994 3198; x_wconf 92' lang='lat' dir='ltr'>in</span> <span class='ocrx_word' id='word_1_230' title='bbox 1017 3137 1129 3219; x_wconf 84' lang='lat' dir='ltr'>causa]</span> <span class='ocrx_word' id='word_1_231' title='bbox 1155 3131 1196 3198; x_wconf 90' lang='lat' dir='ltr'>de</span> <span class='ocrx_word' id='word_1_232' title='bbox 1219 3133 1289 3211; x_wconf 80' lang='lat' dir='ltr'>„ei“</span> <span class='ocrx_word' id='word_1_233' title='bbox 1312 3153 1374 3196; x_wconf 91' lang='lat' dir='ltr'>usu</span> <span class='ocrx_word' id='word_1_234' title='bbox 1397 3130 1485 3195; x_wconf 88' lang='lat' dir='ltr'>valet</span> 
     </span>
     <span class='ocr_line' id='line_1_29' title="bbox 195 3238 1485 3322; baseline 0 -18"><span class='ocrx_word' id='word_1_235' title='bbox 195 3240 364 3306; x_wconf 89' lang='lat' dir='ltr'>Kuehneri</span> <span class='ocrx_word' id='word_1_236' title='bbox 379 3238 462 3303; x_wconf 87' lang='lat' dir='ltr'>illud</span> <span class='ocrx_word' id='word_1_237' title='bbox 477 3244 698 3322; x_wconf 90' lang='lat' dir='ltr'>praeceptum.</span> <span class='ocrx_word' id='word_1_238' title='bbox 733 3239 947 3306; x_wconf 84' lang='lat' dir='ltr'>Scribendum</span> <span class='ocrx_word' id='word_1_239' title='bbox 964 3241 1048 3306; x_wconf 91' lang='lat' dir='ltr'>enim</span> <span class='ocrx_word' id='word_1_240' title='bbox 1066 3242 1137 3321; x_wconf 86' lang='lat' dir='ltr'>fuit,</span> <span class='ocrx_word' id='word_1_241' title='bbox 1162 3241 1224 3305; x_wconf 91' lang='lat' dir='ltr'>nisi</span> <span class='ocrx_word' id='word_1_242' title='bbox 1244 3264 1283 3305; x_wconf 86' lang='lat' dir='ltr'>ex</span> <span class='ocrx_word' id='word_1_243' title='bbox 1301 3239 1485 3317; x_wconf 74' lang='grc'>,1111111111</span> 
     </span>
     <span class='ocr_line' id='line_1_30' title="bbox 198 3345 1482 3431; baseline -0.004 -17"><span class='ocrx_word' id='word_1_244' title='bbox 198 3353 262 3414; x_wconf 72' lang='grc'>111“</span> <span class='ocrx_word' id='word_1_245' title='bbox 285 3345 443 3431; x_wconf 90' lang='lat' dir='ltr'>penderet</span> <span class='ocrx_word' id='word_1_246' title='bbox 467 3348 643 3411; x_wconf 88' lang='lat' dir='ltr'>sententia:</span> <span class='ocrx_word' id='word_1_247' title='bbox 672 3348 754 3431; x_wconf 90' lang='lat' dir='ltr'>glor.</span> <span class='ocrx_word' id='word_1_248' title='bbox 779 3370 849 3414; x_wconf 86' lang='lat' dir='ltr'>esse</span> <span class='ocrx_word' id='word_1_249' title='bbox 874 3348 1085 3414; x_wconf 84' lang='lat' dir='ltr'>existimabat</span> <span class='ocrx_word' id='word_1_250' title='bbox 1108 3348 1195 3413; x_wconf 88' lang='lat' dir='ltr'>iussa</span> <span class='ocrx_word' id='word_1_251' title='bbox 1219 3368 1260 3414; x_wconf 92' lang='lat' dir='ltr'>m.</span> <span class='ocrx_word' id='word_1_252' title='bbox 1286 3368 1360 3429; x_wconf 90' lang='lat' dir='ltr'>opp.</span> <span class='ocrx_word' id='word_1_253' title='bbox 1385 3367 1482 3430; x_wconf 88' lang='lat' dir='ltr'>quam</span> 
     </span>
     <span class='ocr_line' id='line_1_31' title="bbox 195 3453 1483 3540; baseline -0.002 -20"><span class='ocrx_word' id='word_1_254' title='bbox 195 3457 259 3521; x_wconf 83' lang='lat' dir='ltr'>sibi</span> <span class='ocrx_word' id='word_1_255' title='bbox 273 3453 516 3537; x_wconf 85' lang='lat' dir='ltr'>provinciarum</span> <span class='ocrx_word' id='word_1_256' title='bbox 530 3453 699 3519; x_wconf 87' lang='lat' dir='ltr'>interitum</span> <span class='ocrx_word' id='word_1_257' title='bbox 720 3455 896 3540; x_wconf 88' lang='lat' dir='ltr'>adsignari,</span> <span class='ocrx_word' id='word_1_258' title='bbox 918 3454 983 3522; x_wconf 87' lang='lat' dir='ltr'>vel:</span> <span class='ocrx_word' id='word_1_259' title='bbox 1011 3477 1109 3540; x_wconf 89' lang='lat' dir='ltr'>quam</span> <span class='ocrx_word' id='word_1_260' title='bbox 1126 3456 1153 3518; x_wconf 90' lang='lat' dir='ltr'>si</span> <span class='ocrx_word' id='word_1_261' title='bbox 1169 3453 1232 3518; x_wconf 90' lang='lat' dir='ltr'>sibi</span> <span class='ocrx_word' id='word_1_262' title='bbox 1257 3504 1263 3518; x_wconf 93' lang='lat'>.</span> <span class='ocrx_word' id='word_1_263' title='bbox 1280 3505 1288 3520; x_wconf 84' lang='lat'>.</span> <span class='ocrx_word' id='word_1_264' title='bbox 1305 3504 1311 3518; x_wconf 94' lang='lat'>.</span> <span class='ocrx_word' id='word_1_265' title='bbox 1330 3454 1483 3518; x_wconf 89' lang='lat' dir='ltr'>interitus</span> 
     </span>
     <span class='ocr_line' id='line_1_32' title="bbox 193 3561 1117 3646; baseline -0.003 -18"><span class='ocrx_word' id='word_1_266' title='bbox 193 3562 434 3646; x_wconf 89' lang='lat' dir='ltr'>adsignaretur.</span> <span class='ocrx_word' id='word_1_267' title='bbox 482 3561 529 3626; x_wconf 81' lang='lat' dir='ltr'>Ei</span> <span class='ocrx_word' id='word_1_268' title='bbox 553 3561 654 3644; x_wconf 87' lang='lat' dir='ltr'>igitur</span> <span class='ocrx_word' id='word_1_269' title='bbox 677 3563 888 3646; x_wconf 89' lang='lat' dir='ltr'>neglegenter</span> <span class='ocrx_word' id='word_1_270' title='bbox 912 3564 1036 3628; x_wconf 89' lang='lat' dir='ltr'>dictum</span> <span class='ocrx_word' id='word_1_271' title='bbox 1061 3569 1117 3626; x_wconf 92' lang='lat' dir='ltr'>est.</span> 
     </span>
    </p>

    <p class='ocr_par' dir='ltr' id='par_1_11' title="bbox 218 3669 1491 3856">
     <span class='ocr_line' id='line_1_33' title="bbox 218 3669 1491 3755; baseline 0.005 -27"><span class='ocrx_word' id='word_1_272' title='bbox 218 3719 222 3728; x_wconf 91' lang='lat'>.</span> <span class='ocrx_word' id='word_1_273' title='bbox 300 3669 333 3753; x_wconf 84' lang='lat' dir='ltr'>b)</span> <span class='ocrx_word' id='word_1_274' title='bbox 361 3671 395 3732; x_wconf 87' lang='grc'>11</span> <span class='ocrx_word' id='word_1_275' title='bbox 418 3670 624 3735; x_wconf 66' lang='lat' dir='ltr'>rescindendis</span> <span class='ocrx_word' id='word_1_276' title='bbox 648 3673 842 3749; x_wconf 74' lang='grc'>1111111111,</span> <span class='ocrx_word' id='word_1_277' title='bbox 872 3694 957 3755; x_wconf 79' lang='lat' dir='ltr'>qaae</span> <span class='ocrx_word' id='word_1_278' title='bbox 986 3672 1152 3754; x_wconf 78' lang='grc'>1111111111</span> <span class='ocrx_word' id='word_1_279' title='bbox 1183 3692 1205 3733; x_wconf 88' lang='grc'>1</span> <span class='ocrx_word' id='word_1_280' title='bbox 1232 3673 1491 3753; x_wconf 77' lang='grc'>111111111,,11</span> 
     </span>
     <span class='ocr_line' id='line_1_34' title="bbox 356 3775 600 3856; baseline -0.004 -17"><span class='ocrx_word' id='word_1_281' title='bbox 356 3777 482 3856; x_wconf 60' lang='grc'>111111,</span> <span class='ocrx_word' id='word_1_282' title='bbox 510 3775 600 3839; x_wconf 86' lang='lat' dir='ltr'>velut</span> 
     </span>
    </p>

    <p class='ocr_par' dir='ltr' id='par_1_12' title="bbox 192 3883 1492 3981">
     <span class='ocr_line' id='line_1_35' title="bbox 192 3883 1492 3981; baseline 0.002 -33"><span class='ocrx_word' id='word_1_283' title='bbox 192 3883 293 3959; x_wconf 92' lang='lat' dir='ltr'>XXX,</span> <span class='ocrx_word' id='word_1_284' title='bbox 320 3893 349 3961; x_wconf 78' lang='lat'>5,</span> <span class='ocrx_word' id='word_1_285' title='bbox 380 3887 431 3946; x_wconf 79' lang='lat'>12:</span> <span class='ocrx_word' id='word_1_286' title='bbox 457 3884 581 3964; x_wconf 89' lang='lat' dir='ltr'>petenti</span> <span class='ocrx_word' id='word_1_287' title='bbox 596 3933 604 3981; x_wconf 89' lang='lat'>.·</span> <span class='ocrx_word' id='word_1_288' title='bbox 621 3934 627 3946; x_wconf 95' lang='lat'>.</span> <span class='ocrx_word' id='word_1_289' title='bbox 642 3933 649 3946; x_wconf 93' lang='lat'>.</span> <span class='ocrx_word' id='word_1_290' title='bbox 667 3935 673 3948; x_wconf 92' lang='lat'>.</span> <span class='ocrx_word' id='word_1_291' title='bbox 693 3884 822 3948; x_wconf 87' lang='lat' dir='ltr'>cuidam</span> <span class='ocrx_word' id='word_1_292' title='bbox 840 3885 985 3969; x_wconf 85' lang='lat' dir='ltr'>Nigrino,</span> <span class='ocrx_word' id='word_1_293' title='bbox 1011 3889 1137 3950; x_wconf 82' lang='grc'>111111</span> <span class='ocrx_word' id='word_1_294' title='bbox 1160 3884 1326 3952; x_wconf 88' lang='lat' dir='ltr'>notarium</span> <span class='ocrx_word' id='word_1_295' title='bbox 1351 3887 1492 3964; x_wconf 83' lang='lat' dir='ltr'>laceret,</span> 
     </span>
    </p>

    <p class='ocr_par' dir='ltr' id='par_1_13' title="bbox 359 3988 554 4054">
     <span class='ocr_line' id='line_1_36' title="bbox 359 3988 554 4054; baseline 0 0"><span class='ocrx_word' id='word_1_296' title='bbox 359 3988 554 4054; x_wconf 86' lang='lat' dir='ltr'>exclamavit</span> 
     </span>
    </p>
   </div>
   <div class='ocr_carea' id='block_1_3' title="bbox 230 4226 661 4294">
    <p class='ocr_par' dir='ltr' id='par_1_14' title="bbox 230 4226 661 4294">
     <span class='ocr_line' id='line_1_37' title="bbox 230 4226 661 4294; baseline 0.016 -22"><span class='ocrx_word' id='word_1_297' title='bbox 230 4226 253 4294; x_wconf 89' lang='lat'>1)</span> <span class='ocrx_word' id='word_1_298' title='bbox 272 4231 340 4292; x_wconf 84' lang='lat' dir='ltr'>quod</span> <span class='ocrx_word' id='word_1_299' title='bbox 356 4235 515 4291; x_wconf 86' lang='lat' dir='ltr'>assumptum</span> <span class='ocrx_word' id='word_1_300' title='bbox 535 4244 566 4276; x_wconf 86' lang='lat' dir='ltr'>ex</span> <span class='ocrx_word' id='word_1_301' title='bbox 587 4227 610 4276; x_wconf 91' lang='lat' dir='ltr'>G</span> <span class='ocrx_word' id='word_1_302' title='bbox 630 4229 661 4280; x_wconf 88' lang='lat' dir='ltr'>A.</span> 
     </span>
    </p>
   </div>
   <div class='ocr_carea' id='block_1_4' title="bbox 0 0 1646 4918">
    <p class='ocr_par' dir='ltr' id='par_1_15' title="bbox 0 0 1646 4918">
     <span class='ocr_line' id='line_1_38' title="bbox 0 0 1646 4918; baseline 0 0"><span class='ocrx_word' id='word_1_303' title='bbox 0 0 1646 4918; x_wconf 95' lang='lat' dir='ltr'> </span> 
     </span>
    </p>
   </div>
  </div>
 </body>
</html>
