3282 4918
787 176 831 240 44

704 265 914 272 ..—-—..--.--

124 341 127 350 ¹
170 353 391 432 intercidisse,
429 352 534 418 altera
568 357 676 418 autem
711 352 807 418 lectio
842 351 931 417 nullo
967 349 1077 416 codice
1107 349 1296 427 exhibetur,
1333 349 1451 415 deinde

169 465 300 545 „qnoa¹‘,
331 482 403 526 cum
436 458 521 524 idem
552 459 630 523 insit
660 460 692 523 in
724 460 773 526 ed.
821 459 1015 540 Geleniaua,
1049 481 1089 523 ex
1119 457 1204 523 libro
1229 456 1451 524 Hersfoidansi

170 590 317 634 manasse
341 566 479 632 videtur.
527 567 569 652 (v.
593 565 783 646 Mommsen,
813 569 923 636 Herm.
948 566 1013 648 VI.,
1042 588 1074 649 p.
1101 571 1175 647 233,
1208 564 1449 646 Gardthausen,

171 676 273 762 praef.
298 698 329 759 p.
355 675 438 760 XX.)

259 783 476 849 Indicativum
493 803 565 848 oum
589 787 678 867 quoa'
698 785 906 849 coniunctum
929 782 979 847 vel
1002 781 1183 866 praesentis
1207 779 1257 846 vel
1280 781 1452 864 praeteriti

171 892 327 976 temporis
351 889 511 974 praebent

260 1005 290 1065 3.
321 1024 361 1065 ea
392 1001 572 1077 enuntiata,
604 1001 637 1065 e'n
671 1002 786 1082 quibus
816 1000 1014 1065 substantivi
1040 999 1268 1078 antecedentis,
1297 1001 1385 1082 qnod
1404 1011 1454 1065 est

169 1120 231 1188 pro
261 1110 358 1172 verbo
389 1108 552 1172 sentiendi
578 1112 634 1172 vel
659 1108 797 1186 dicendi,
833 1118 1063 1191 argumentum
1098 1108 1286 1186 expandam
1320 1111 1452 1189 praeter

171 1236 226 1279 eos
242 1214 340 1292 locos,
366 1215 423 1298 qui
437 1219 574 1298 propter
589 1213 736 1278 futurum
751 1212 843 1277 verbi
859 1219 986 1296 tempus
1012 1214 1076 1278 iam
1101 1211 1160 1277 sub
1180 1211 1212 1300 2)
1231 1213 1352 1296 prolati
1375 1220 1452 1279 sunt

171 1321 272 1407 (XIV,
307 1331 357 1400 11,
390 1331 426 1402 63
458 1321 546 1408 XIX,
579 1330 608 1400 9,
639 1329 675 1400 53
706 1320 792 1401 XIX,
820 1331 869 1396 11,
895 1330 930 1401 2;
960 1319 1059 1401 XXV,
1085 1330 1113 1400 8,
1141 1330 1200 1400 143
1231 1319 1330 1402 XXX,
1357 1331 1385 1401 1,
1412 1331 1450 1400 43

171 1428 271 1506 XXX,
297 1436 328 1506 5,
355 1428 410 1514 17)
434 1426 614 1492 adnotandi
637 1435 728 1492 sunt:
1021 1427 1023 1433 ’

170 1536 256 1612 XIX,
284 1546 335 1614 11,
362 1545 397 1600 2:
424 1533 465 1599 ad
481 1536 685 1620 procinctum
710 1550 858 1620 egressus
883 1541 932 1600 est
956 1535 1083 1619 gemina
1106 1536 1359 1601 consideratione
1382 1533 1453 1600 ala-

330 1643 426 1723 crior,
442 1698 448 1710 .
465 1693 493 1708 ..
518 1647 607 1727 qnod
627 1643 777 1708 Anatolio
810 1649 943 1728 regente
975 1653 1053 1709 tuno
1083 1665 1142 1728 per
1166 1642 1332 1728 Illyricum
1355 1664 1453 1728 prae-

330 1749 491 1816 fecturam
514 1753 699 1817 necessaria
722 1757 840 1817 cuncta
864 1752 914 1817 vel
937 1759 1013 1817 ante
1036 1758 1165 1834 tempus
1188 1756 1368 1816 coacta...
1393 1754 1453 1816 ad·
1525 1773 1530 1782 ·

321 1860 473 1941 fluebant

171 1967 240 2046 XX,
268 1974 296 2047 7,
322 1974 361 2032 9:
385 1966 579 2049 perstrinxit
593 1969 729 2047 suspicio
744 1988 827 2031 vana
847 1967 1044 2052 episcopum,
1143 1970 1232 2050 qnod
1241 1964 1454 2038 ,clandestino

331 2073 504 2158 conloquio
529 2073 687 2157 Saporem
711 2079 869 2154 denerat,

171 2181 276 2261 XXII,
308 2189 360 2261 15,
393 2189 411 2247 t
423 2203 429 2245 ε
455 2182 560 2262 opene'o
589 2185 703 2249 est...
727 2187 816 2266 qnod
835 2182 955 2269 (Nilus)
979 2182 1180 2267 spirantibus
1203 2180 1453 2264 prodromis...

330 2290 515 2354 intumescit.

100 2440 104 2448 ·
169 2396 286 2475 XXXI,
321 2405 350 2476 3,
381 2406 417 2464 8:
448 2399 543 2462 fama
574 2401 737 2479 serpente,
770 2397 859 2481 quod
889 2397 1090 2462 invisitatum
1123 2397 1262 2462 antehac
1285 2395 1454 2461 hominum

331 2525 494 2590 genus.
512 2526 553 2568 ox
570 2503 683 2569 abdito
701 2504 773 2569 sinu
791 2511 939 2570 coortum
963 2502 1114 2588 adposita
1138 2525 1286 2590 quaeque
1310 2509 1458 2572 convellit

333 2626 365 2678 et
386 2617 569 2693 corrumpit.

259 2725 341 2787 Ann.
388 2720 495 2786 Unum
525 2721 652 2785 invenvi
683 2719 805 2802 locum,
838 2740 902 2804 quo
934 2719 1131 2784 substantivi
1154 2742 1172 2784 e
1195 2720 1293 2785 verbo
1324 2720 1454 2786 dicendi

172 2829 343 2912 pendentis
359 2833 586 2912 argumentum
610 2827 793 2912 explicatur
816 2828 980 2894 sententia
1003 2849 1023 2891 a
1045 2827 1206 2910 particula
1231 2831 1351 2910 „quoa”
1373 2828 1454 2892 inci-

171 2937 298 3021 piente;
324 2936 380 3020 qui
404 2941 453 3000 est

170 3043 256 3125 XIV,
284 3055 335 3124 11,
362 3053 419 3111 10:
445 3043 639 3110 subserebat
654 3064 718 3108 nou
735 3042 816 3108 adeo
833 3050 925 3108 vetus
942 3049 1125 3122 exemptum
1149 3047 1237 3126 qnod
1248 3041 1453 3107 Diocletiano

332 3158 364 3219 et
395 3153 464 3217 eius
497 3151 638 3236 collegae
666 3157 704 3216 ut
727 3153 932 3235 apparitores
957 3150 1113 3215 Caesares
1136 3171 1201 3214 non
1225 3149 1362 3228 resideS,
1397 3149 1454 3215 sed

331 3260 419 3325 ultro
435 3262 584 3355 citroque
602 3257 821 3325 discurrentes
837 3258 1105 3336 obtemperabant
1115 3263 1147 3322 et
1161 3257 1196 3320 in
1209 3256 1303 3340 Syria
1316 3256 1456 3340 Augusti

332 3367 580 3433 vehiculum...
605 3379 815 3451 antegressus
839 3378 887 3432 est
909 3363 1059 3430 Galerius
1083 3371 1292 3448 purpuratus.

258 3475 443 3542 indicativo
474 3475 570 3540 modo
603 3497 676 3541 cum
712 3474 874 3558 particula
909 3479 999 3558 qaod
1029 3473 1200 3538 coniuncto
1235 3471 1456 3539 adnectuntur

147 3593 148 3598 ’
175 3586 314 3669 denique
338 3588 464 3653 dicendi
483 3589 611 3651 tantum
634 3584 757 3650 verbis:

260 3698 289 3757 4.
315 3718 354 3758 ea
372 3696 545 3772 enuntiata,
569 3695 683 3776 quibus
699 3717 755 3758 nec
768 3692 966 3757 substantiva
987 3714 1041 3755 nec
1059 3691 1250 3770 pronomine
1266 3690 1456 3768 praemisso

172 3803 301 3886 aliquid
312 3825 431 3866 revera
438 3805 566 3884 factum
582 3825 651 3867 esse
663 3811 826 3865 narratur
839 3804 892 3878 (=
907 3793 953 3861 ὅτι
966 3818 991 3862 6.
1005 3796 1181 3861 indicativo
1195 3795 1452 3875 coninuuctum):

171 3910 299 3990 XVIII,
330 3920 365 3990 6,
398 3919 453 3977 16:
486 3908 584 3975 docet
613 3909 698 3993 quod
725 3905 813 3989 apud
842 3905 986 3970 Parisios
1017 3912 1113 3970 natus
1142 3905 1175 3968 in
1201 3903 1378 3971 Galliis...
1410 3903 1454 3968 ad

332 4017 450 4083 Persas
474 4020 606 4083 abierat
625 4017 785 4100 profugus

175 4125 267 4206 XIX,
301 4134 357 4204 12,
392 4134 450 4191 10:
483 4144 579 4206 saepe
607 4124 739 4189 auditus
764 4121 843 4208 (est)
868 4120 1019 4187 retulisse
1042 4124 1141 4204 qaod,
1173 4140 1246 4183 cum
1271 4119 1453 4184 Patras...

332 4232 541 4317 relinqueret,
573 4253 632 4317 per
656 4232 797 4315 quietem
823 4228 1017 4294 deducentia
1040 4249 1074 4292 se
1097 4226 1230 4291 habitus
1254 4227 1371 4310 tragici
1394 4225 1454 4307 fig-

333 4346 443 4405 menta
466 4343 600 4408 arderet
622 4339 725 4405 multa
