3282 4918
802 153 841 216 61

174 328 313 409 XXVII,
335 334 382 410 10,
403 332 456 392 10:
481 326 625 394 avolavit
639 379 645 392 .
661 384 688 397 ..
714 328 950 411 praedicans..
967 383 973 395 .
999 328 1134 394 inveniri
1151 349 1245 412 posse
1263 329 1359 392 aliam
1376 328 1461 392 viam
1565 373 1568 380 ,

341 435 513 500 dueentem
539 434 580 498 ad
605 434 725 500 arduos
757 436 856 501 clivos
886 443 1019 520 praeter
1048 457 1134 516 eam,
1166 458 1264 520 quarn
1292 437 1463 518 inspexere

334 543 588 625 propulsatores.

172 648 331 732 XXVIII,
359 654 386 731 1,
414 655 471 714 10:
497 649 610 714 docuit
632 649 822 734 principem,
846 670 911 714 non
926 705 932 718 .
949 701 977 718 ..
1002 645 1142 716 scrutari
1166 672 1261 735 posse
1284 650 1335 715 vel
1359 649 1463 715 vindi-

242 797 245 802 >
340 756 418 838 cari,
442 777 526 842 quae
541 755 672 822 ‘Rornae
689 762 923 838 perpetravere
948 760 1118 839 conplures

173 863 333 944 XXVIII,
359 869 388 944 2,
415 869 452 933 7:
473 863 719 952 supplicabant,
743 885 783 928 ne
800 863 939 929 Romani
955 921 961 933 .
977 921 983 932 .
999 917 1025 942 .,
1050 887 1184 950 pererrem
1198 866 1367 947 fortunarn
1383 886 1463 930 senr-

333 973 472 1053 piterna
493 973 575 1054 fides
600 973 688 1037 eaelo
712 974 897 1055 eontipnarn
919 973 1007 1054 feeit,
1023 1029 1028 1041 .
1046 1026 1073 1039 ..
1101 973 1328 1057 deciperentur

175 1078 329 1158 XXVIII,
357 1084 387 1160 6,
415 1084 470 1143 19:
505 1079 686 1144 relaturum
711 1100 745 1144 se
768 1085 886 1144 cuncta
909 1082 1092 1163 verissime,
1122 1102 1205 1167 qnae
1227 1082 1374 1158 uiderat,
1403 1080 1463 1143 mi-

341 1186 484 1252 nabetur

176 1295 296 1376 XXIX,
325 1301 353 1375 1,
379 1301 412 1360 9:
438 1294 645 1364 addebat...
671 1297 780 1362 omnia
802 1319 885 1383 qnae
902 1300 1085 1381 praediuit,
1110 1320 1143 1364 se
1167 1297 1332 1362 indicante
1358 1295 1462 1362 Theo-

342 1401 457 1469 dorum
480 1425 540 1487 per
564 1403 736 1468 Euserium
761 1404 922 1471 didicisse.

178 1511 298 1591 XXIX,
327 1515 354 1590 1,
381 1515 440 1574 34:
467 1510 614 1578 ostendit
637 1533 671 1576 se
690 1513 820 1595 cognita
836 1534 895 1595 per
911 1513 1095 1594 Euserium,
1119 1537 1159 1579 ne
1177 1512 1219 1579 ad
1234 1515 1465 1597 imperatorem

341 1618 500 1701 referret.
517 1669 545 1684 ..
570 1618 612 1683 ab
638 1641 675 1684 eo
692 1618 895 1701 prohibitum
917 1620 1153 1690 adserente...
1178 1622 1305 1686 ratione
1323 1619 1464 1703 quadam

341 1725 579 1791 indeclinabilis
614 1726 676 1791 fati
710 1726 762 1807 id,
797 1729 882 1812 qued
914 1730 1126 1810 sperabatur,
1162 1729 1249 1794 ultro
1281 1734 1463 1794 venturum.

344 1831 473 1920 [xxm
507 1839 537 1912 r,
572 1839 592 1896 4
617 1833 649 1896 11
665 1818 727 1921 [33]

181 1940 306 2022 XXIX,
341 1945 370 2021 5,
403 1947 440 2006 2:
474 1963 621 2008 rumores
646 1942 910 2008 distulerunt...
942 1964 1062 2021 ea...,
1087 1964 1169 2028 quae
1193 1947 1306 2006 contra
1330 1941 1465 2004 Firmus

343 2050 463 2129 salutis
493 2051 633 2116 tuendae
661 2052 774 2133 pratia
805 2050 935 2116 docebat
966 2050 1081 2116 crebro
1112 2073 1171 2134 per
1202 2071 1294 2129 suos,
1331 2053 1466 2131 accepta

344 2157 468 2222 diutius
492 2157 651 2224 occultari

183 2264 301 2344 XXIX,
321 2269 349 2342 5,
369 2269 403 2329 8:
428 2265 554 2329 veniam
569 2317 575 2330 .
591 2318 619 2331 ..
644 2266 749 2330 missis
767 2265 953 2331 oratoribus
968 2264 1126 2348 poscebat
1141 2271 1173 2329 et
1189 2263 1329 2346 scriptis,
1348 2261 1464 2326 docen-

343 2371 432 2436 tibus
456 2393 528 2436 eum
553 2394 618 2436 non
641 2378 756 2456 sponte
781 2394 840 2438 sua
864 2373 905 2437 ad
929 2373 962 2436 id
986 2373 1141 2456 erupisse,
1166 2373 1253 2456 qnod
1274 2376 1370 2437 norat
1397 2392 1465 2435 sce-

343 2477 462 2543 lentum

183 2584 308 2665 XXIX,
342 2589 378 2665 5,
412 2591 467 2650 23:
501 2586 563 2652 hec
595 2593 632 2650 ut
661 2586 767 2650 dirum
793 2586 1042 2670 vituperant...
1067 2587 1239 2652 Dardanos
1262 2587 1372 2650 hostes
1397 2607 1464 2651 me-

344 2702 510 2760 morantes
534 2696 760 2774 internecivoS,
792 2700 824 2759 et
847 2695 941 2774 iuste,
972 2717 1056 2779 qnae
1079 2696 1271 2773 sustinuere,
1294 2714 1464 2777 perpessos

185 2801 309 2881 XXIXq·
329 2807 356 2879 5,
383 2808 441 2866 48:
468 2804 494 2867 si
520 2801 760 2867 discriminibus
784 2802 882 2866 eximi
905 2802 1034 2879 vellent,
1060 2824 1144 2885 quae
1166 2802 1376 2883 perferebant

187 2908 291 2989 XXX,
324 2918 361 2988 5,
394 2914 430 2972 9:
468 2908 699 2992 respondit...
725 2914 901 2992 quaerente
925 2909 1071 2972 curatius
1094 2909 1241 2993 principe
1266 2909 1292 2972 si
1325 2908 1375 2988 hi,
1407 2908 1465 2990 qui

345 3018 468 3094 nrisere,
493 3038 532 3080 ex
555 3017 662 3080 animo
687 3015 769 3082 bene
793 3017 938 3081 sentiunt
962 3015 1002 3080 de
1025 3016 1229 3101 praet'eetcl)

77 3175 80 3182 .
184 3122 284 3203 XXX,
316 3128 344 3200 6,
380 3128 415 3186 2:
448 3121 761 3189 adserverantes...
794 3145 852 3207 per
884 3125 1022 3188 extimos
1055 3123 1211 3208 quosdam
1236 3123 1381 3188 latrones
1401 3125 1463 3207 J..

345 3230 497 3309 evenisse,
522 3252 606 3314 quae
629 3232 808 3296 inciviliter
830 3236 921 3315 peste
945 3236 1023 3297 sunt

185 3337 308 3419 XXXI,
343 3341 377 3418 5,
412 3343 448 3401 7:
483 3338 694 3418 exclamavit,
724 3339 872 3422 graviore
897 3337 1107 3421 pugnandum
1131 3336 1241 3415 exitio,
1273 3337 1306 3400 ni
1329 3336 1399 3419 ipse
1423 3336 1466 3400 ad

246 3525 248 3530 ,
344 3443 529 3510 leniendum
563 3446 677 3529 vulgus
710 3446 871 3510 sineretur
896 3446 983 3509 exire
1015 3465 1089 3509 cum
1120 3443 1230 3523 sociis,
1262 3445 1349 3527 quod
1379 3443 1465 3507 arbi-

344 3559 532 3618 tratum...
557 3554 709 3619 ductores
733 3573 808 3618 suos
833 3554 965 3633 occisos,
992 3553 1028 3617 in
1051 3552 1223 3617 tumultuin
1248 3553 1382 3616 enarsit.

182 3661 299 3742 XXXI,
328 3667 377 3741 12,
403 3667 439 3725 8:
474 3661 595 3725 obtulit
619 3663 742 3746 scripta
765 3662 926 3746 petentis.
942 3712 969 3725 ..
995 3666 1033 3724 ut
1056 3660 1117 3724 sibi
1141 3660 1287 3744 suisque,
1312 3681 1388 3744 qrres
1412 3681 1465 3724 en-

344 3775 445 3834 torres
462 3771 588 3851 patriis
613 3770 737 3835 taribus
761 3771 875 3851 rapidi
897 3769 1046 3851 serarum
1069 3769 1214 3851 pentiurn
1244 3791 1376 3851 erepere
1400 3769 1465 3833 dis-

344 3898 471 3954 cursus,
504 3875 685 3940 habitanda
707 3876 848 3942 Thracia
872 3876 942 3941 sola
966 3898 1038 3940 cum
1063 3897 1180 3960 pecore
1205 3878 1292 3941 omni
1310 3877 1465 3942 eoncede-

342 3990 456 4050 rentur
480 3990 514 4048 et
536 3982 695 4067 frugibus

219 4148 240 4216 1)
261 4151 366 4214 Optime
388 4149 529 4214 respondet
553 4149 614 4197 huIc
638 4155 780 4198 structurae
807 4149 911 4198 Gallica
935 4149 1038 4198 dicendi
1063 4151 1144 4198 ratio:
1179 4148 1230 4197 s'r'ls
1254 4148 1386 4212 pertentent
1411 4148 1466 4196 bien

258 4237 391 4304 drrpre'set
407 4241 502 4304 quites
520 4247 565 4287 ont
585 4236 693 4302 enuoye's.
709 4270 740 4277 -
755 4241 844 4288 Multis
864 4240 923 4288 aliis
943 4241 1009 4288 locis
1029 4246 1191 4304 quantopere
1211 4239 1384 4286 recentiorum
1405 4255 1429 4302 q.
1450 4256 1466 4287 v

259 4330 406 4392 linguarum
421 4331 621 4379 consuetudines
634 4330 764 4377 Ammiani
779 4329 882 4378 dicendi
897 4330 987 4394 generi
1003 4334 1149 4392 congruant
1161 4344 1212 4376 non
1229 4329 1352 4392 cognosci
1367 4329 1465 4393 nequit.
