3282 4918
199 329 347 411 fuciunt,
378 330 443 394 Ioco
472 332 683 394 sacrandorum
712 337 885 415 temporum
919 353 934 393 o
964 331 1156 413 copitutiouc
1189 329 1388 410 loquentiam
1412 337 1480 394 stuc

202 439 369 519 operatium
390 438 500 521 primu
524 442 668 519 ternporu
693 440 849 503 adhibuit.
1048 516 1052 524 1
1482 517 1485 522 Δ

288 543 465 608 Praeterea
488 544 586 623 XXV,
613 547 642 623 8,
671 550 709 608 12
734 545 828 609 facile
852 545 923 609 fieri
945 545 1053 629 potuit
1070 554 1105 609 ut
1121 544 1271 626 scriptor,
1297 565 1368 608 cum
1383 543 1480 627 longo

110 687 113 704 ι
203 652 323 716 distent
333 651 528 715 coniunctIvi
540 653 721 733 praesentis
737 674 757 717 a
773 651 871 718 verbo
889 655 1030 731 „iussum
1044 658 1108 718 est‘
1120 658 1303 735 temporum
1319 651 1482 716 rationem

201 781 240 824 ex
265 759 368 824 oculis
391 759 566 824 amitteret.

292 865 364 930 Uno
388 866 527 949 denique
551 867 622 931 loco
647 888 663 931 e
687 867 851 950 praesenti
874 866 1030 932 historico
1053 867 1155 932 mixta
1178 868 1300 950 pendet
1323 868 1419 950 primi
1449 874 1484 935 et

202 972 336 1038 secundi
359 975 515 1068 tempora
540 975 742 1038 consecutio:

201 1078 352 1160 XXVIII,
380 1085 408 1160 l,
434 1085 489 1144 24:
526 1080 626 1164 legati
647 1083 822 1146 mittuntur
944 1081 1080 1160 oraturi,
1105 1101 1145 1144 ne
1169 1080 1297 1146 delictis
1321 1082 1483 1165 supplicia

360 1190 434 1254 siut
451 1188 643 1271 grandiora,
675 1210 754 1253 neve
782 1194 913 1253 senator
937 1188 1110 1272 quisquam
1231 1191 1402 1254 tormentis
1428 1212 1483 1255 aaa·

362 1298 575 1379 poneretur-r)

292 1403 490 1468 variationis
515 1403 700 1468 efficiendae
725 1427 840 1470 caussa
863 1404 897 1468 id
920 1403 991 1468 fieri
1015 1404 1082 1470 veri
1106 1404 1306 1469 simillimum
1330 1414 1389 1470 est.

292 1511 494 1594 Quamquam
523 1511 625 1594 igitur
649 1513 836 1578 Ammianus
859 1520 986 1595 tempp.
1018 1512 1257 1576 consecutionis
1281 1512 1366 1594 leges
1390 1510 1484 1576 haud

201 1618 342 1683 nesciret
357 1640 395 1683 ac
410 1618 602 1702 plerumque
619 1619 817 1696 observarat,
843 1626 952 1684 tamen
968 1619 1059 1682 illam
1075 1620 1271 1683 variantium
1296 1625 1483 1701 temporum

201 1725 374 1803 licentiam,
401 1748 496 1808 quarn
522 1727 621 1792 etiam
644 1726 731 1809 apud
748 1728 874 1812 priores
888 1727 1074 1815 'scriptores
1090 1731 1127 1788 ut
1144 1724 1315 1789 Caesarem
1332 1725 1479 1809 legimus,

202 1834 411 1916 amplificavit
434 1836 601 1918 multoque
626 1835 772 1911 crebrius
796 1833 1027 1916 sibi'sumpsit.

240 2070 261 2138 l)
281 2072 340 2120 Hoc
359 2072 420 2120 loco
440 2070 507 2120 falso
527 2071 625 2120 indicat
638 2069 793 2118 Ehrismann
813 2084 874 2133 pag.
894 2083 930 2130 40
950 2070 1159 2118 convenientiam
1180 2071 1325 2134 praesentis
1339 2069 1479 2119 obs'ervari.
