3282 4918
785 103 882 206 m'

43 361 50 368 ·
167 321 283 402 XXIV,
315 328 344 399 4,
379 326 437 384 21:
471 321 643 384 nuntiatur
674 320 929 404 imperatori...
960 316 1143 383 milites...
1169 318 1235 380 ima
1258 324 1446 400 penetrasse

329 427 625 505 fundamentorum,
649 427 724 506 Iam,
750 427 776 491 si
799 428 869 510 ipse
893 427 1097 507 disposuerit,
1121 445 1275 490 evasuros

259 535 309 599 Ad
332 535 391 599 hos
415 533 543 599 accedIt

167 641 284 722 XXIX,
319 645 347 720 5,
382 645 439 705 51:
472 639 616 706 nihil...
642 641 711 722 spei
735 640 797 704 sibi
820 646 956 720 restare,
989 641 1016 704 si
1040 639 1235 706 obstinatius
1261 641 1368 724 operit,
1391 647 1445 704 'ar-

327 749 478 824 bitratus,
495 799 501 812 .
516 798 544 812 ..
568 749 718 831 prorupit
742 770 782 812 ex
805 748 874 812 acie

258 855 372 920 Omnis
396 853 558 918 dubitatio
583 855 720 919 tollatur
743 854 823 919 locis

20 1005 48 1066 1¹
168 965 268 1043 XXX,
297 969 323 1043 l,
353 969 408 1027 17:
434 961 657 1044 addentesque
682 962 831 1045 quod...
855 963 966 1027 tristes
991 961 1245 1044 sollicitudines,
1280 964 1343 1028 esis
1371 963 1446 1027 huic

328 1070 476 1135 inrisioni
499 1071 708 1150 superfuerit,
735 1070 893 1135 excitabit

170 1178 269 1258 XXX,
296 1184 324 1258 2,
350 1185 385 1241 4:
413 1176 490 1263 (ire)
514 1177 608 1241 iussit
631 1178 663 1240 in
687 1177 814 1258 Persas,
845 1199 1097 1260 responsum...
1121 1179 1322 1261 perferentes
1337 1233 1343 1246 .
1360 1231 1387 1245 ..
1413 1181 1448 1244 ni

330 1284 521 1350 Sauromaci
543 1283 768 1367 praesidia...
799 1283 1027 1368 inpraepedita
1051 1288 1262 1351 reverimini.
1277 1339 1304 1352 ..
1328 1288 1448 1352 invitus

332 1390 536 1475 complebitl)

262 1499 366 1564 Aliter
389 1521 423 1564 se
446 1481 571 1562 babent
593 1498 616 1561 ii
640 1500 719 1580 loci,
751 1499 870 1584 quibus
903 1498 1038 1583 perfecti
1063 1499 1285 1564 coniunctivus
1310 1501 1366 1582 qui
1390 1523 1449 1583 pu-

173 1613 265 1673 tatur
288 1606 330 1672 ad
353 1629 405 1671 res
429 1605 625 1689 praeteritas
649 1613 785 1689 spectat.
834 1606 952 1671 Omnes
975 1606 1035 1670 has
1059 1607 1238 1671 sententias
1262 1611 1356 1689 aptas
1381 1629 1450 1671 esse

172 1739 212 1782 ex
247 1714 449 1800 temporibus
483 1714 670 1798 praeteritis
705 1720 888 1779 memoratu
923 1713 1055 1796 dIgnum
1093 1719 1150 1778 est.
1201 1713 1335 1778 Praesto
1371 1713 1451 1777 mihi

173 1831 257 1902 sunt,
284 1823 334 1886 hi:

173 1931 258 2008 XVI,
288 1936 337 2010 12,
364 1935 422 1994 60:
455 1927 617 2012 flagitium
640 1927 856 1994 arbitrati...
880 1949 940 2011 pro
964 1949 1040 2010 rege
1063 1947 1128 1991 non
1152 1928 1245 2006 mori,
1279 1927 1305 1990 si
1329 1928 1376 1992 ita
1401 1933 1450 1992 te-

336 2039 412 2102 lerif
434 2057 537 2114 casua,
561 2035 726 2100 tradidere
750 2057 784 2099 se

173 2146 276 2226 XVII,
309 2151 338 2224 3,
369 2151 405 2208 4:
435 2143 602 2228 praefecto
634 2141 799 2227 praetorio
825 2143 905 2207 ferri
929 2163 993 2206 non
1017 2163 1111 2225 posse
1135 2141 1313 2220 clamante,
1343 2164 1376 2206 se
1401 2165 1453 2208 re-

333 2258 429 2336 pente
460 2251 584 2315 factum
614 2249 765 2329 infidum,
801 2251 852 2315 cui
877 2253 1040 2333 Augustus
1072 2271 1229 2314 summam
1260 2253 1455 2316 eomrriserif

333 2381 452 2438 rerum,
478 2358 628 2422 JuIIanus
652 2380 724 2422 eum
738 2410 744 2423 .
758 2410 785 2423 ..
811 2358 921 2424 docuit

173 2469 262 2548 XIX,
288 2473 317 2548 9,
343 2475 380 2532 4:
406 2465 598 2531 familiarem
615 2488 708 2530 suum
722 2518 728 2531 .
742 2517 769 2532 ..
795 2467 977 2531 dimisit...
1003 2487 1150 2545 exorans,
1176 2471 1212 2530 ut
1232 2465 1352 2531 auditis
1370 2487 1454 2548 quae

334 2574 537 2658 corefiperirrt,
560 2575 685 2638 veniret

174 2683 325 2762 XXVIII,
361 2687 395 2760 2,
429 2687 464 2745 9:
496 2681 579 2745 abiit
602 2679 645 2745 ad
667 2680 762 2760 lares,
795 2681 829 2745 id
853 2682 1070 2747 conmeruisse
1094 2703 1189 2746 saevo
1213 2681 1376 2746 iudicatus
1401 2703 1453 2744 ar-

336 2789 446 2863 bitrio,
473 2787 561 2872 quod
586 2792 725 2855 eraserit
747 2790 844 2857 solua.

264 2900 302 2963 ln
327 2903 484 2981 quattuor
508 2897 558 2961 his
582 2898 738 2981 exemplis
767 2897 974 2963 manifestum
1000 2901 1048 2961 est
1072 2895 1171 2961 verba
1196 2897 1341 2976 „tulerit
1368 2917 1454 2960 com-

175 3007 316 3083 miserit,
350 3004 561 3086 contigerint,
594 3006 752 3069 evaserit“
778 3004 974 3068 coniunctivi
997 3002 1145 3087 perfecta
1170 3025 1239 3067 esse
1263 3004 1370 3085 posita
1395 3024 1454 3086 pro

177 3112 516 3199 plusquamperfeotis.

267 3223 336 3298 Qua
361 3220 569 3284 distinctione
593 3225 625 3284 et
650 3220 878 3303 explanatione
903 3219 1022 3301 corrigi
1047 3225 1079 3282 et
1102 3217 1240 3282 refutari
1257 3218 1351 3288 velim
1373 3241 1456 3300 qnae

177 3330 374 3394 Ehrismann
396 3328 416 3394 l.
442 3350 468 3393 e.
495 3327 641 3405 coniecit,
674 3349 746 3391 oum
771 3327 910 3392 dIceret:
945 3325 1115 3408 „Suspicio
1144 3326 1290 3389 nascitur
1314 3325 1455 3390 Ammia-

177 3458 254 3500 num
279 3434 427 3501 consulto
451 3433 589 3517 perfecti
613 3433 852 3498 coniunctivum
876 3433 1030 3517 posuisse.
1073 3431 1133 3507 Qui
1157 3431 1185 3494 si
1207 3431 1456 3515 plusquamper-

178 3545 263 3609 fecto
288 3565 365 3607 usus
390 3547 490 3622 esset,
524 3540 613 3606 haud
645 3541 782 3605 multum
806 3540 921 3605 aberat
945 3539 1023 3622 quin
1048 3539 1210 3602 sententia
1233 3538 1383 3604 irrealem
1407 3541 1456 3602 in-

179 3650 293 3715 dueret
317 3671 459 3714 sensum:
487 3647 574 3732 quod
597 3653 635 3711 ut
659 3648 806 3725 evitaret,
832 3648 940 3731 inepte
960 3645 1096 3730 perfecti
1113 3646 1350 3710 coniunctivum
1368 3648 1454 3710 omni

178 3766 362 3842 temporum
387 3757 615 3822 consecutione
639 3754 788 3837 neglecta
811 3754 998 3837 praetulit“.
1038 3753 1121 3816 Nam
1146 3773 1185 3815 ex
1206 3757 1243 3814 15
1261 3752 1325 3816 illis
1350 3775 1457 3816 exem-

177 3867 240 3951 plis
259 3872 276 3930 7
303 3887 368 3929 uon
392 3872 469 3929 sunt
484 3863 663 3928 sententiae
680 3860 928 3926 condIeIonales.
967 3860 1133 3949 (Ceterum
1150 3857 1361 3924 conferantur
1385 3881 1458 3924 curn

180 3975 230 4038 his
255 3995 293 4038 ea
318 3971 476 4055 exempla,
510 3991 593 4054 quae
617 3992 637 4035 a
659 3970 828 4053 llruegero
853 3990 870 4033 e
893 3968 984 4032 Livio
1009 3973 1163 4050 congesta
1187 3966 1327 4031 suntad
1352 3971 1368 4052 ἕ
1395 3971 1457 4031 656

179 4080 228 4146 Bb
252 4101 326 4164 pag.
353 4085 426 4158 897,
453 4077 571 4162 quibus
596 4099 792 4161 quamquam
816 4097 880 4140 non
904 4097 1039 4160 prorsus
1062 4074 1126 4139 huc
1151 4073 1323 4158 quadrant,
1348 4080 1457 4138 tamen

180 4239 241 4246 .—-

217 4316 238 4385 l)
258 4319 318 4366 Alia
338 4317 456 4381 exempla
474 4315 572 4380 passim
591 4313 764 4375 inveniuntur,
786 4318 813 4361 ut
831 4313 915 4374 XXII,
937 4312 977 4372 11,
1000 4311 1040 4360 11.
