<?xml version="1.0" encoding="UTF-8"?>
<!DOCTYPE html PUBLIC "-//W3C//DTD XHTML 1.0 Transitional//EN"
    "http://www.w3.org/TR/xhtml1/DTD/xhtml1-transitional.dtd">
<html xmlns="http://www.w3.org/1999/xhtml" xml:lang="en" lang="en">
 <head>
  <title>
</title>
<meta http-equiv="Content-Type" content="text/html;charset=utf-8" />
  <meta name='ocr-system' content='tesseract 3.04.00' />
  <meta name='ocr-capabilities' content='ocr_page ocr_carea ocr_par ocr_line ocrx_word'/>
</head>
<body>
  <div class='ocr_page' id='page_1' title='image "./deammianimarcel00reitgoog_0046.png"; bbox 0 0 3282 4918; ppageno 0'>
   <div class='ocr_carea' id='block_1_1' title="bbox 808 149 875 263">
    <p class='ocr_par' dir='ltr' id='par_1_1' title="bbox 808 149 875 263">
     <span class='ocr_line' id='line_1_1' title="bbox 808 149 875 263; baseline 0 0"><span class='ocrx_word' id='word_1_1' title='bbox 808 149 875 263; x_wconf 70' lang='grc'>41</span> 
     </span>
    </p>
   </div>
   <div class='ocr_carea' id='block_1_2' title="bbox 116 375 1527 4009">
    <p class='ocr_par' dir='ltr' id='par_1_2' title="bbox 159 375 1522 1222">
     <span class='ocr_line' id='line_1_2' title="bbox 188 375 1469 462; baseline 0.003 -24"><span class='ocrx_word' id='word_1_2' title='bbox 188 396 284 458; x_wconf 88' lang='lat' dir='ltr'>quam</span> <span class='ocrx_word' id='word_1_3' title='bbox 315 375 350 438; x_wconf 92' lang='lat' dir='ltr'>in</span> <span class='ocrx_word' id='word_1_4' title='bbox 384 396 412 440; x_wconf 87' lang='lat' dir='ltr'>o.</span> <span class='ocrx_word' id='word_1_5' title='bbox 444 380 534 442; x_wconf 88' lang='lat' dir='ltr'>recta</span> <span class='ocrx_word' id='word_1_6' title='bbox 565 376 761 442; x_wconf 83' lang='lat' dir='ltr'>coniunctivi</span> <span class='ocrx_word' id='word_1_7' title='bbox 790 377 878 441; x_wconf 91' lang='lat' dir='ltr'>modi</span> <span class='ocrx_word' id='word_1_8' title='bbox 906 377 1098 443; x_wconf 78' lang='lat' dir='ltr'>latissimam</span> <span class='ocrx_word' id='word_1_9' title='bbox 1130 379 1375 462; x_wconf 72' lang='lat' dir='ltr'><strong>usurpationem</strong></span> <span class='ocrx_word' id='word_1_10' title='bbox 1406 377 1469 442; x_wconf 90' lang='lat' dir='ltr'>sibi</span> 
     </span>
     <span class='ocr_line' id='line_1_3' title="bbox 188 477 1468 568; baseline 0.005 -24"><span class='ocrx_word' id='word_1_11' title='bbox 188 479 377 546; x_wconf 85' lang='lat' dir='ltr'>vindicabat</span> <span class='ocrx_word' id='word_1_12' title='bbox 413 503 550 565; x_wconf 89' lang='lat' dir='ltr'>eumque</span> <span class='ocrx_word' id='word_1_13' title='bbox 584 483 717 547; x_wconf 90' lang='lat' dir='ltr'>modum</span> <span class='ocrx_word' id='word_1_14' title='bbox 752 485 997 550; x_wconf 88' lang='lat' dir='ltr'>coniunctiones</span> <span class='ocrx_word' id='word_1_15' title='bbox 1031 485 1099 550; x_wconf 83' lang='lat' dir='ltr'>iere</span> <span class='ocrx_word' id='word_1_16' title='bbox 1135 477 1246 549; x_wconf 87' lang='lat' dir='ltr'>omnes</span> <span class='ocrx_word' id='word_1_17' title='bbox 1280 491 1468 568; x_wconf 77' lang='lat' dir='ltr'>sequentem</span> 
     </span>
     <span class='ocr_line' id='line_1_4' title="bbox 189 587 1469 675; baseline 0.003 -23"><span class='ocrx_word' id='word_1_18' title='bbox 189 588 381 673; x_wconf 79' lang='lat' dir='ltr'>laciebat,¹)</span> <span class='ocrx_word' id='word_1_19' title='bbox 414 595 524 654; x_wconf 90' lang='lat' dir='ltr'>tamen</span> <span class='ocrx_word' id='word_1_20' title='bbox 548 587 748 655; x_wconf 87' lang='lat' dir='ltr'>Graecorum</span> <span class='ocrx_word' id='word_1_21' title='bbox 777 587 822 653; x_wconf 79' lang='grc' dir='ltr'>ὅτι</span> <span class='ocrx_word' id='word_1_22' title='bbox 854 587 1091 658; x_wconf 83' lang='lat' dir='ltr'>coniunctionis</span> <span class='ocrx_word' id='word_1_23' title='bbox 1114 591 1322 675; x_wconf 83' lang='lat' dir='ltr'>usurpandae</span> <span class='ocrx_word' id='word_1_24' title='bbox 1345 613 1469 657; x_wconf 91' lang='lat' dir='ltr'>morem</span> 
     </span>
     <span class='ocr_line' id='line_1_5' title="bbox 188 697 1469 782; baseline 0.003 -22"><span class='ocrx_word' id='word_1_25' title='bbox 188 701 329 777; x_wconf 87' lang='lat' dir='ltr'>secutus,</span> <span class='ocrx_word' id='word_1_26' title='bbox 356 698 477 781; x_wconf 91' lang='lat' dir='ltr'>quique</span> <span class='ocrx_word' id='word_1_27' title='bbox 501 704 576 781; x_wconf 90' lang='lat' dir='ltr'>post</span> <span class='ocrx_word' id='word_1_28' title='bbox 598 720 671 763; x_wconf 92' lang='lat' dir='ltr'>eum</span> <span class='ocrx_word' id='word_1_29' title='bbox 695 697 811 764; x_wconf 89' lang='lat' dir='ltr'>Latine</span> <span class='ocrx_word' id='word_1_30' title='bbox 836 699 1054 782; x_wconf 87' lang='lat' dir='ltr'>scripserunt,</span> <span class='ocrx_word' id='word_1_31' title='bbox 1078 704 1116 764; x_wconf 92' lang='lat' dir='ltr'>ut</span> <span class='ocrx_word' id='word_1_32' title='bbox 1138 699 1324 764; x_wconf 76' lang='lat' dir='ltr'>Priscianus</span> <span class='ocrx_word' id='word_1_33' title='bbox 1348 706 1381 765; x_wconf 92' lang='lat' dir='ltr'>et</span> <span class='ocrx_word' id='word_1_34' title='bbox 1405 701 1469 764; x_wconf 90' lang='lat' dir='ltr'>Au·</span> 
     </span>
     <span class='ocr_line' id='line_1_6' title="bbox 187 803 1469 891; baseline 0.005 -25"><span class='ocrx_word' id='word_1_35' title='bbox 187 803 354 888; x_wconf 87' lang='lat' dir='ltr'>gustinus‚</span> <span class='ocrx_word' id='word_1_36' title='bbox 385 805 451 868; x_wconf 90' lang='lat' dir='ltr'>iam</span> <span class='ocrx_word' id='word_1_37' title='bbox 476 806 605 889; x_wconf 88' lang='lat' dir='ltr'>saepius</span> <span class='ocrx_word' id='word_1_38' title='bbox 628 807 807 872; x_wconf 81' lang='lat' dir='ltr'>indicativo</span> <span class='ocrx_word' id='word_1_39' title='bbox 835 828 965 891; x_wconf 90' lang='lat' dir='ltr'>quoque</span> <span class='ocrx_word' id='word_1_40' title='bbox 995 806 1091 871; x_wconf 92' lang='lat' dir='ltr'>modo</span> <span class='ocrx_word' id='word_1_41' title='bbox 1121 806 1318 887; x_wconf 87' lang='lat' dir='ltr'>utebantur,</span> <span class='ocrx_word' id='word_1_42' title='bbox 1351 814 1385 873; x_wconf 92' lang='lat' dir='ltr'>et</span> <span class='ocrx_word' id='word_1_43' title='bbox 1414 807 1469 872; x_wconf 93' lang='lat' dir='ltr'>ille</span> 
     </span>
     <span class='ocr_line' id='line_1_7' title="bbox 187 911 851 996; baseline 0.009 -21"><span class='ocrx_word' id='word_1_44' title='bbox 187 911 318 994; x_wconf 83' lang='lat' dir='ltr'>quidem</span> <span class='ocrx_word' id='word_1_45' title='bbox 344 911 492 977; x_wconf 90' lang='lat' dir='ltr'>crebrius</span> <span class='ocrx_word' id='word_1_46' title='bbox 515 934 612 996; x_wconf 88' lang='lat' dir='ltr'>quam</span> <span class='ocrx_word' id='word_1_47' title='bbox 638 914 851 982; x_wconf 78' lang='lat' dir='ltr'>coniunctim.</span> 
     </span>
     <span class='ocr_line' id='line_1_8' title="bbox 159 1018 1467 1106; baseline 0.003 -24"><span class='ocrx_word' id='word_1_48' title='bbox 159 1093 160 1098; x_wconf 8' lang='grc' dir='ltr'>γ</span> <span class='ocrx_word' id='word_1_49' title='bbox 276 1018 471 1084; x_wconf 84' lang='lat' dir='ltr'>Summatim</span> <span class='ocrx_word' id='word_1_50' title='bbox 493 1020 594 1104; x_wconf 87' lang='lat' dir='ltr'>igitur</span> <span class='ocrx_word' id='word_1_51' title='bbox 610 1020 719 1104; x_wconf 80' lang='lat' dir='ltr'>colligi</span> <span class='ocrx_word' id='word_1_52' title='bbox 735 1028 843 1104; x_wconf 89' lang='lat' dir='ltr'>potest</span> <span class='ocrx_word' id='word_1_53' title='bbox 852 1023 1000 1104; x_wconf 81' lang='lat' dir='ltr'>primum</span> <span class='ocrx_word' id='word_1_54' title='bbox 1020 1021 1106 1086; x_wconf 88' lang='lat' dir='ltr'>hunc</span> <span class='ocrx_word' id='word_1_55' title='bbox 1129 1022 1312 1105; x_wconf 85' lang='lat' dir='ltr'>particulas</span> <span class='ocrx_word' id='word_1_56' title='bbox 1336 1021 1467 1106; x_wconf 76' lang='lat' dir='ltr'>„quod“</span> 
     </span>
     <span class='ocr_line' id='line_1_9' title="bbox 190 1127 1522 1222; baseline 0.002 -32"><span class='ocrx_word' id='word_1_57' title='bbox 190 1149 281 1205; x_wconf 89' lang='lat' dir='ltr'>usum</span> <span class='ocrx_word' id='word_1_58' title='bbox 306 1127 396 1191; x_wconf 88' lang='lat' dir='ltr'>haud</span> <span class='ocrx_word' id='word_1_59' title='bbox 419 1127 561 1193; x_wconf 90' lang='lat' dir='ltr'>alienum</span> <span class='ocrx_word' id='word_1_60' title='bbox 585 1150 653 1194; x_wconf 89' lang='lat' dir='ltr'>esse</span> <span class='ocrx_word' id='word_1_61' title='bbox 678 1136 847 1202; x_wconf 75' lang='lat' dir='ltr'>amatura</span> <span class='ocrx_word' id='word_1_62' title='bbox 877 1130 1034 1194; x_wconf 88' lang='lat' dir='ltr'>sermonis</span> <span class='ocrx_word' id='word_1_63' title='bbox 1058 1128 1180 1192; x_wconf 89' lang='lat' dir='ltr'>Latini·</span> <span class='ocrx_word' id='word_1_64' title='bbox 1199 1150 1321 1212; x_wconf 84' lang='lat' dir='ltr'>neque,</span> <span class='ocrx_word' id='word_1_65' title='bbox 1354 1151 1468 1212; x_wconf 88' lang='lat' dir='ltr'>quam·</span> <span class='ocrx_word' id='word_1_66' title='bbox 1518 1213 1522 1222; x_wconf 32' lang='grc' dir='ltr'>Ι</span> 
     </span>
    </p>

    <p class='ocr_par' dir='ltr' id='par_1_3' title="bbox 186 1231 1468 1858">
     <span class='ocr_line' id='line_1_10' title="bbox 192 1231 1467 1318; baseline -0.002 -18"><span class='ocrx_word' id='word_1_67' title='bbox 192 1256 289 1318; x_wconf 84' lang='lat' dir='ltr'>quam</span> <span class='ocrx_word' id='word_1_68' title='bbox 320 1234 403 1299; x_wconf 91' lang='lat' dir='ltr'>bene</span> <span class='ocrx_word' id='word_1_69' title='bbox 431 1234 608 1318; x_wconf 78' lang='lat' dir='ltr'>respondet</span> <span class='ocrx_word' id='word_1_70' title='bbox 632 1235 776 1302; x_wconf 82' lang='lat' dir='ltr'>Graecae</span> <span class='ocrx_word' id='word_1_71' title='bbox 808 1237 856 1300; x_wconf 90' lang='lat' dir='ltr'>illi</span> <span class='ocrx_word' id='word_1_72' title='bbox 885 1243 1084 1302; x_wconf 77' lang='lat' dir='ltr'>structurae:</span> <span class='ocrx_word' id='word_1_73' title='bbox 1118 1233 1195 1318; x_wconf 76' lang='grc' dir='ltr'>λέγω</span> <span class='ocrx_word' id='word_1_74' title='bbox 1227 1231 1288 1311; x_wconf 82' lang='grc' dir='ltr'><strong><em>ὅτι,</em></strong></span> <span class='ocrx_word' id='word_1_75' title='bbox 1320 1231 1388 1300; x_wconf 81' lang='lat' dir='ltr'>olda</span> <span class='ocrx_word' id='word_1_76' title='bbox 1412 1234 1467 1312; x_wconf 80' lang='grc' dir='ltr'><strong><em>ὅτι,</em></strong></span> 
     </span>
     <span class='ocr_line' id='line_1_11' title="bbox 190 1341 1468 1428; baseline 0.003 -23"><span class='ocrx_word' id='word_1_77' title='bbox 190 1347 277 1408; x_wconf 89' lang='lat' dir='ltr'>recte</span> <span class='ocrx_word' id='word_1_78' title='bbox 301 1341 376 1420; x_wconf 89' lang='lat' dir='ltr'>dici,</span> <span class='ocrx_word' id='word_1_79' title='bbox 409 1341 443 1406; x_wconf 93' lang='lat' dir='ltr'>id</span> <span class='ocrx_word' id='word_1_80' title='bbox 468 1342 556 1427; x_wconf 92' lang='lat' dir='ltr'>quod</span> <span class='ocrx_word' id='word_1_81' title='bbox 587 1343 735 1408; x_wconf 85' lang='lat' dir='ltr'>nonnulli</span> <span class='ocrx_word' id='word_1_82' title='bbox 766 1351 915 1424; x_wconf 82' lang='lat' dir='ltr'>censent,</span> <span class='ocrx_word' id='word_1_83' title='bbox 947 1343 1029 1408; x_wconf 90' lang='lat' dir='ltr'>nihil</span> <span class='ocrx_word' id='word_1_84' title='bbox 1059 1343 1241 1409; x_wconf 87' lang='lat' dir='ltr'>aliudesse</span> <span class='ocrx_word' id='word_1_85' title='bbox 1270 1344 1468 1428; x_wconf 87' lang='lat' dir='ltr'>particulam</span> 
     </span>
     <span class='ocr_line' id='line_1_12' title="bbox 186 1447 1468 1535; baseline 0 -19"><span class='ocrx_word' id='word_1_86' title='bbox 186 1451 392 1535; x_wconf 81' lang='lat' dir='ltr'>quodquam</span> <span class='ocrx_word' id='word_1_87' title='bbox 418 1447 463 1513; x_wconf 80' lang='grc' dir='ltr'>ὅτι</span> <span class='ocrx_word' id='word_1_88' title='bbox 487 1450 568 1515; x_wconf 91' lang='lat' dir='ltr'>illud</span> <span class='ocrx_word' id='word_1_89' title='bbox 590 1451 625 1515; x_wconf 92' lang='lat' dir='ltr'>in</span> <span class='ocrx_word' id='word_1_90' title='bbox 648 1451 792 1535; x_wconf 80' lang='lat' dir='ltr'>linguam</span> <span class='ocrx_word' id='word_1_91' title='bbox 814 1452 965 1517; x_wconf 87' lang='lat' dir='ltr'>Latinam</span> <span class='ocrx_word' id='word_1_92' title='bbox 990 1452 1185 1516; x_wconf 88' lang='lat' dir='ltr'>translatum</span> <span class='ocrx_word' id='word_1_93' title='bbox 1210 1473 1227 1515; x_wconf 90' lang='lat' dir='ltr'>e</span> <span class='ocrx_word' id='word_1_94' title='bbox 1252 1449 1377 1518; x_wconf 89' lang='lat' dir='ltr'>Graeco</span> <span class='ocrx_word' id='word_1_95' title='bbox 1402 1474 1468 1516; x_wconf 89' lang='lat' dir='ltr'>ser-</span> 
     </span>
     <span class='ocr_line' id='line_1_13' title="bbox 186 1553 1467 1644; baseline 0.002 -22"><span class='ocrx_word' id='word_1_96' title='bbox 186 1579 300 1636; x_wconf 89' lang='lat' dir='ltr'>mone,</span> <span class='ocrx_word' id='word_1_97' title='bbox 338 1559 454 1624; x_wconf 82' lang='lat' dir='ltr'>deinde</span> <span class='ocrx_word' id='word_1_98' title='bbox 485 1558 570 1624; x_wconf 89' lang='lat' dir='ltr'>hanc</span> <span class='ocrx_word' id='word_1_99' title='bbox 599 1565 798 1624; x_wconf 83' lang='lat' dir='ltr'>structuram</span> <span class='ocrx_word' id='word_1_100' title='bbox 829 1560 929 1626; x_wconf 83' lang='lat' dir='ltr'>luisse</span> <span class='ocrx_word' id='word_1_101' title='bbox 960 1561 1117 1625; x_wconf 90' lang='lat' dir='ltr'>sermonis</span> <span class='ocrx_word' id='word_1_102' title='bbox 1145 1553 1288 1644; x_wconf 81' lang='lat' dir='ltr'>vulgaris</span> <span class='ocrx_word' id='word_1_103' title='bbox 1319 1560 1467 1644; x_wconf 75' lang='lat' dir='ltr'>ideoque,</span> 
     </span>
     <span class='ocr_line' id='line_1_14' title="bbox 188 1665 1468 1751; baseline 0.003 -22"><span class='ocrx_word' id='word_1_104' title='bbox 188 1687 261 1730; x_wconf 91' lang='lat' dir='ltr'>cum</span> <span class='ocrx_word' id='word_1_105' title='bbox 294 1666 417 1730; x_wconf 88' lang='lat' dir='ltr'>reiecta</span> <span class='ocrx_word' id='word_1_106' title='bbox 441 1671 526 1731; x_wconf 88' lang='lat' dir='ltr'>esset</span> <span class='ocrx_word' id='word_1_107' title='bbox 557 1665 598 1731; x_wconf 89' lang='lat' dir='ltr'>ab</span> <span class='ocrx_word' id='word_1_108' title='bbox 628 1667 881 1750; x_wconf 83' lang='lat' dir='ltr'>elegantioribus</span> <span class='ocrx_word' id='word_1_109' title='bbox 912 1666 1141 1751; x_wconf 88' lang='lat' dir='ltr'>scriptoribus,</span> <span class='ocrx_word' id='word_1_110' title='bbox 1173 1673 1242 1732; x_wconf 92' lang='lat' dir='ltr'>tum</span> <span class='ocrx_word' id='word_1_111' title='bbox 1275 1667 1405 1732; x_wconf 89' lang='lat' dir='ltr'>demum</span> <span class='ocrx_word' id='word_1_112' title='bbox 1434 1668 1468 1733; x_wconf 91' lang='lat' dir='ltr'>iu</span> 
     </span>
     <span class='ocr_line' id='line_1_15' title="bbox 187 1772 1468 1858; baseline 0.002 -22"><span class='ocrx_word' id='word_1_113' title='bbox 187 1772 314 1837; x_wconf 88' lang='lat' dir='ltr'>litteras</span> <span class='ocrx_word' id='word_1_114' title='bbox 338 1773 512 1856; x_wconf 87' lang='lat' dir='ltr'>inrepsisse</span> <span class='ocrx_word' id='word_1_115' title='bbox 537 1772 750 1858; x_wconf 90' lang='lat' dir='ltr'>diffusiusque</span> <span class='ocrx_word' id='word_1_116' title='bbox 773 1774 845 1839; x_wconf 92' lang='lat' dir='ltr'>loco</span> <span class='ocrx_word' id='word_1_117' title='bbox 869 1774 1020 1839; x_wconf 87' lang='lat' dir='ltr'>infinitivi</span> <span class='ocrx_word' id='word_1_118' title='bbox 1052 1797 1078 1839; x_wconf 92' lang='lat' dir='ltr'>c.</span> <span class='ocrx_word' id='word_1_119' title='bbox 1109 1795 1175 1839; x_wconf 89' lang='lat' dir='ltr'>acc.</span> <span class='ocrx_word' id='word_1_120' title='bbox 1210 1773 1266 1858; x_wconf 91' lang='lat' dir='ltr'>(de</span> <span class='ocrx_word' id='word_1_121' title='bbox 1297 1776 1468 1858; x_wconf 88' lang='lat' dir='ltr'>utriusque</span> 
     </span>
    </p>

    <p class='ocr_par' dir='ltr' id='par_1_4' title="bbox 116 1879 1527 2072">
     <span class='ocr_line' id='line_1_16' title="bbox 188 1879 1468 1967; baseline 0.001 -23"><span class='ocrx_word' id='word_1_122' title='bbox 188 1886 373 1945; x_wconf 88' lang='lat' dir='ltr'>structurae</span> <span class='ocrx_word' id='word_1_123' title='bbox 397 1879 583 1950; x_wconf 82' lang='lat' dir='ltr'>discrimine</span> <span class='ocrx_word' id='word_1_124' title='bbox 607 1903 633 1948; x_wconf 85' lang='lat' dir='ltr'>v.</span> <span class='ocrx_word' id='word_1_125' title='bbox 659 1883 777 1965; x_wconf 89' lang='lat' dir='ltr'>Zumpt</span> <span class='ocrx_word' id='word_1_126' title='bbox 801 1905 831 1966; x_wconf 91' lang='lat' dir='ltr'>p.</span> <span class='ocrx_word' id='word_1_127' title='bbox 858 1887 921 1946; x_wconf 82' lang='lat'>558</span> <span class='ocrx_word' id='word_1_128' title='bbox 946 1883 1008 1967; x_wconf 90' lang='lat' dir='ltr'>sq.)</span> <span class='ocrx_word' id='word_1_129' title='bbox 1031 1880 1183 1947; x_wconf 88' lang='lat' dir='ltr'>adhiberi</span> <span class='ocrx_word' id='word_1_130' title='bbox 1206 1883 1361 1966; x_wconf 88' lang='lat' dir='ltr'>coepisse,</span> <span class='ocrx_word' id='word_1_131' title='bbox 1394 1903 1468 1946; x_wconf 90' lang='lat' dir='ltr'>cum</span> 
     </span>
     <span class='ocr_line' id='line_1_17' title="bbox 116 1967 1527 2072; baseline 0.001 -21"><span class='ocrx_word' id='word_1_132' title='bbox 116 1967 120 1975; x_wconf 40' lang='lat'><strong><em>⁴</em></strong></span> <span class='ocrx_word' id='word_1_133' title='bbox 187 1988 366 2072; x_wconf 87' lang='lat' dir='ltr'>scriptores</span> <span class='ocrx_word' id='word_1_134' title='bbox 389 1986 432 2052; x_wconf 91' lang='lat' dir='ltr'>ad</span> <span class='ocrx_word' id='word_1_135' title='bbox 455 1987 622 2072; x_wconf 85' lang='lat' dir='ltr'>vulgarem</span> <span class='ocrx_word' id='word_1_136' title='bbox 645 1989 737 2053; x_wconf 89' lang='lat' dir='ltr'>illurn</span> <span class='ocrx_word' id='word_1_137' title='bbox 761 2011 941 2054; x_wconf 90' lang='lat' dir='ltr'>sermonem</span> <span class='ocrx_word' id='word_1_138' title='bbox 965 1988 1208 2055; x_wconf 88' lang='lat' dir='ltr'>descenderent.</span> <span class='ocrx_word' id='word_1_139' title='bbox 1524 1981 1527 1986; x_wconf 63' lang='grc'><em>’</em></span> 
     </span>
    </p>

    <p class='ocr_par' dir='ltr' id='par_1_5' title="bbox 185 2093 1468 2293">
     <span class='ocr_line' id='line_1_18' title="bbox 278 2093 1468 2179; baseline -0.002 -19"><span class='ocrx_word' id='word_1_140' title='bbox 278 2095 463 2179; x_wconf 86' lang='lat' dir='ltr'>Scriptores</span> <span class='ocrx_word' id='word_1_141' title='bbox 487 2095 724 2162; x_wconf 87' lang='lat' dir='ltr'>ecclesiasticos</span> <span class='ocrx_word' id='word_1_142' title='bbox 749 2097 835 2162; x_wconf 90' lang='lat' dir='ltr'>solos</span> <span class='ocrx_word' id='word_1_143' title='bbox 859 2103 989 2164; x_wconf 89' lang='lat' dir='ltr'>constat</span> <span class='ocrx_word' id='word_1_144' title='bbox 1011 2097 1096 2162; x_wconf 86' lang='lat' dir='ltr'>inter</span> <span class='ocrx_word' id='word_1_145' title='bbox 1116 2118 1227 2164; x_wconf 63' lang='lat' dir='ltr'>omnes,</span> <span class='ocrx_word' id='word_1_146' title='bbox 1245 2095 1405 2162; x_wconf 88' lang='lat' dir='ltr'>Graecum</span> <span class='ocrx_word' id='word_1_147' title='bbox 1423 2093 1468 2160; x_wconf 80' lang='grc' dir='ltr'>ὅτι</span> 
     </span>
     <span class='ocr_line' id='line_1_19' title="bbox 185 2200 1391 2293; baseline -0.001 -26"><span class='ocrx_word' id='word_1_148' title='bbox 185 2208 341 2268; x_wconf 90' lang='lat' dir='ltr'>accurate</span> <span class='ocrx_word' id='word_1_149' title='bbox 364 2203 528 2286; x_wconf 90' lang='lat' dir='ltr'>particula</span> <span class='ocrx_word' id='word_1_150' title='bbox 550 2205 674 2287; x_wconf 78' lang='lat' dir='ltr'>„quod‘</span> <span class='ocrx_word' id='word_1_151' title='bbox 696 2200 812 2270; x_wconf 87' lang='lat' dir='ltr'>Latine</span> <span class='ocrx_word' id='word_1_152' title='bbox 835 2205 1006 2293; x_wconf 80' lang='lat' dir='ltr'>vertisse2)</span> <span class='ocrx_word' id='word_1_153' title='bbox 1032 2204 1245 2293; x_wconf 88' lang='lat' dir='ltr'>(Kallenberg</span> <span class='ocrx_word' id='word_1_154' title='bbox 1268 2227 1299 2288; x_wconf 91' lang='lat' dir='ltr'>p.</span> <span class='ocrx_word' id='word_1_155' title='bbox 1327 2202 1391 2289; x_wconf 84' lang='lat' dir='ltr'>il).</span> 
     </span>
    </p>

    <p class='ocr_par' dir='ltr' id='par_1_6' title="bbox 185 2310 1467 2505">
     <span class='ocr_line' id='line_1_20' title="bbox 277 2310 1467 2397; baseline -0.001 -21"><span class='ocrx_word' id='word_1_156' title='bbox 277 2310 452 2376; x_wconf 91' lang='lat' dir='ltr'>Videamus</span> <span class='ocrx_word' id='word_1_157' title='bbox 476 2333 577 2392; x_wconf 74' lang='lat' dir='ltr'>nunc,</span> <span class='ocrx_word' id='word_1_158' title='bbox 609 2333 686 2376; x_wconf 92' lang='lat' dir='ltr'>num</span> <span class='ocrx_word' id='word_1_159' title='bbox 717 2321 841 2379; x_wconf 89' lang='lat' dir='ltr'>certam</span> <span class='ocrx_word' id='word_1_160' title='bbox 870 2315 1031 2380; x_wconf 90' lang='lat' dir='ltr'>rationem</span> <span class='ocrx_word' id='word_1_161' title='bbox 1053 2312 1264 2397; x_wconf 86' lang='lat' dir='ltr'>usurpandae</span> <span class='ocrx_word' id='word_1_162' title='bbox 1287 2312 1467 2397; x_wconf 87' lang='lat' dir='ltr'>particulae</span> 
     </span>
     <span class='ocr_line' id='line_1_21' title="bbox 185 2417 1378 2505; baseline 0.001 -21"><span class='ocrx_word' id='word_1_163' title='bbox 185 2419 273 2503; x_wconf 82' lang='lat' dir='ltr'>quod</span> <span class='ocrx_word' id='word_1_164' title='bbox 293 2417 484 2483; x_wconf 87' lang='lat' dir='ltr'>Ammianus</span> <span class='ocrx_word' id='word_1_165' title='bbox 507 2425 638 2484; x_wconf 89' lang='lat' dir='ltr'>secutus</span> <span class='ocrx_word' id='word_1_166' title='bbox 662 2421 705 2486; x_wconf 89' lang='lat' dir='ltr'>sit</span> <span class='ocrx_word' id='word_1_167' title='bbox 728 2428 762 2487; x_wconf 90' lang='lat' dir='ltr'>et</span> <span class='ocrx_word' id='word_1_168' title='bbox 786 2443 869 2505; x_wconf 89' lang='lat' dir='ltr'>quae</span> <span class='ocrx_word' id='word_1_169' title='bbox 894 2422 960 2486; x_wconf 91' lang='lat' dir='ltr'>sint</span> <span class='ocrx_word' id='word_1_170' title='bbox 981 2420 1069 2505; x_wconf 85' lang='lat' dir='ltr'>leges</span> <span class='ocrx_word' id='word_1_171' title='bbox 1092 2419 1134 2485; x_wconf 90' lang='lat' dir='ltr'>ab</span> <span class='ocrx_word' id='word_1_172' title='bbox 1159 2441 1196 2485; x_wconf 89' lang='lat' dir='ltr'>eo</span> <span class='ocrx_word' id='word_1_173' title='bbox 1221 2425 1378 2485; x_wconf 87' lang='lat' dir='ltr'>servatae.</span> 
     </span>
    </p>

    <p class='ocr_par' dir='ltr' id='par_1_7' title="bbox 184 2524 1489 3469">
     <span class='ocr_line' id='line_1_22' title="bbox 278 2524 1468 2611; baseline -0.001 -20"><span class='ocrx_word' id='word_1_174' title='bbox 278 2524 359 2591; x_wconf 83' lang='lat' dir='ltr'>Cum</span> <span class='ocrx_word' id='word_1_175' title='bbox 383 2546 440 2591; x_wconf 89' lang='lat' dir='ltr'>eae</span> <span class='ocrx_word' id='word_1_176' title='bbox 464 2531 593 2591; x_wconf 90' lang='lat' dir='ltr'>tantum</span> <span class='ocrx_word' id='word_1_177' title='bbox 617 2529 798 2595; x_wconf 87' lang='lat' dir='ltr'>sententiae</span> <span class='ocrx_word' id='word_1_178' title='bbox 822 2529 875 2594; x_wconf 91' lang='lat' dir='ltr'>hic</span> <span class='ocrx_word' id='word_1_179' title='bbox 898 2527 1093 2594; x_wconf 87' lang='lat' dir='ltr'>tractandae</span> <span class='ocrx_word' id='word_1_180' title='bbox 1109 2528 1183 2606; x_wconf 81' lang='lat' dir='ltr'>sint,</span> <span class='ocrx_word' id='word_1_181' title='bbox 1210 2549 1294 2611; x_wconf 90' lang='lat' dir='ltr'>quae</span> <span class='ocrx_word' id='word_1_182' title='bbox 1311 2528 1468 2592; x_wconf 88' lang='lat' dir='ltr'>orationis</span> 
     </span>
     <span class='ocr_line' id='line_1_23' title="bbox 186 2633 1467 2722; baseline 0.001 -24"><span class='ocrx_word' id='word_1_183' title='bbox 186 2633 250 2699; x_wconf 92' lang='lat' dir='ltr'>obl.</span> <span class='ocrx_word' id='word_1_184' title='bbox 276 2639 361 2713; x_wconf 87' lang='lat' dir='ltr'>sunt,</span> <span class='ocrx_word' id='word_1_185' title='bbox 387 2654 424 2698; x_wconf 92' lang='lat' dir='ltr'>eo</span> <span class='ocrx_word' id='word_1_186' title='bbox 449 2635 552 2718; x_wconf 88' lang='lat' dir='ltr'>magis</span> <span class='ocrx_word' id='word_1_187' title='bbox 575 2635 742 2716; x_wconf 90' lang='lat' dir='ltr'>miramur,</span> <span class='ocrx_word' id='word_1_188' title='bbox 768 2636 855 2722; x_wconf 91' lang='lat' dir='ltr'>quod</span> <span class='ocrx_word' id='word_1_189' title='bbox 879 2635 1028 2719; x_wconf 80' lang='lat' dir='ltr'>scriptor</span> <span class='ocrx_word' id='word_1_190' title='bbox 1043 2675 1084 2683; x_wconf 90' lang='lat'><em>-</em></span> <span class='ocrx_word' id='word_1_191' title='bbox 1109 2641 1239 2701; x_wconf 91' lang='lat' dir='ltr'>secutus</span> <span class='ocrx_word' id='word_1_192' title='bbox 1261 2635 1314 2699; x_wconf 88' lang='grc'><strong>1111</strong></span> <span class='ocrx_word' id='word_1_193' title='bbox 1338 2656 1467 2719; x_wconf 90' lang='lat' dir='ltr'>quoque</span> 
     </span>
     <span class='ocr_line' id='line_1_24' title="bbox 186 2739 1468 2828; baseline 0 -22"><span class='ocrx_word' id='word_1_194' title='bbox 186 2739 455 2807; x_wconf 90' lang='lat' dir='ltr'>consuetudinem</span> <span class='ocrx_word' id='word_1_195' title='bbox 473 2741 630 2806; x_wconf 88' lang='lat' dir='ltr'>Graecam</span> <span class='ocrx_word' id='word_1_196' title='bbox 655 2781 696 2792; x_wconf 82' lang='lat'><em>-</em></span> <span class='ocrx_word' id='word_1_197' title='bbox 721 2745 850 2828; x_wconf 89' lang='lat' dir='ltr'>saepius</span> <span class='ocrx_word' id='word_1_198' title='bbox 873 2744 1085 2808; x_wconf 87' lang='lat' dir='ltr'>indicativum</span> <span class='ocrx_word' id='word_1_199' title='bbox 1109 2764 1207 2828; x_wconf 90' lang='lat' dir='ltr'>quam</span> <span class='ocrx_word' id='word_1_200' title='bbox 1228 2744 1468 2808; x_wconf 88' lang='lat' dir='ltr'>coniunctivum</span> 
     </span>
     <span class='ocr_line' id='line_1_25' title="bbox 186 2848 1465 2933; baseline -0.001 -20"><span class='ocrx_word' id='word_1_201' title='bbox 186 2848 377 2914; x_wconf 88' lang='lat' dir='ltr'>adhibebat.</span> <span class='ocrx_word' id='word_1_202' title='bbox 417 2848 507 2913; x_wconf 90' lang='lat' dir='ltr'>Idem</span> <span class='ocrx_word' id='word_1_203' title='bbox 531 2851 717 2915; x_wconf 88' lang='lat' dir='ltr'>summatim</span> <span class='ocrx_word' id='word_1_204' title='bbox 741 2853 830 2916; x_wconf 91' lang='lat' dir='ltr'>etin</span> <span class='ocrx_word' id='word_1_205' title='bbox 854 2857 945 2917; x_wconf 92' lang='lat' dir='ltr'>recta</span> <span class='ocrx_word' id='word_1_206' title='bbox 969 2873 997 2916; x_wconf 92' lang='lat' dir='ltr'>o.</span> <span class='ocrx_word' id='word_1_207' title='bbox 1024 2858 1057 2916; x_wconf 88' lang='lat' dir='ltr'>et</span> <span class='ocrx_word' id='word_1_208' title='bbox 1081 2852 1114 2914; x_wconf 91' lang='lat' dir='ltr'>in</span> <span class='ocrx_word' id='word_1_209' title='bbox 1138 2850 1273 2933; x_wconf 90' lang='lat' dir='ltr'>obliqua</span> <span class='ocrx_word' id='word_1_210' title='bbox 1296 2850 1366 2914; x_wconf 88' lang='lat' dir='ltr'>fieri</span> <span class='ocrx_word' id='word_1_211' title='bbox 1390 2871 1465 2932; x_wconf 90' lang='lat' dir='ltr'>pro-</span> 
     </span>
     <span class='ocr_line' id='line_1_26' title="bbox 187 2955 1467 3042; baseline 0.001 -21"><span class='ocrx_word' id='word_1_212' title='bbox 187 2956 350 3021; x_wconf 89' lang='lat' dir='ltr'>nuntiavit</span> <span class='ocrx_word' id='word_1_213' title='bbox 374 2955 569 3022; x_wconf 88' lang='lat' dir='ltr'>Ehrismann</span> <span class='ocrx_word' id='word_1_214' title='bbox 593 2957 613 3020; x_wconf 93' lang='lat' dir='ltr'>l.</span> <span class='ocrx_word' id='word_1_215' title='bbox 639 2979 664 3023; x_wconf 88' lang='lat' dir='ltr'>c.</span> <span class='ocrx_word' id='word_1_216' title='bbox 689 2980 761 3042; x_wconf 85' lang='lat' dir='ltr'>pag.</span> <span class='ocrx_word' id='word_1_217' title='bbox 789 2965 828 3024; x_wconf 81' lang='grc'>67</span> <span class='ocrx_word' id='word_1_218' title='bbox 855 2981 928 3024; x_wconf 92' lang='lat' dir='ltr'>cum</span> <span class='ocrx_word' id='word_1_219' title='bbox 952 2959 1046 3024; x_wconf 92' lang='lat' dir='ltr'>dicit:</span> <span class='ocrx_word' id='word_1_220' title='bbox 1085 2957 1184 3039; x_wconf 83' lang='lat' dir='ltr'>„Cum</span> <span class='ocrx_word' id='word_1_221' title='bbox 1208 2959 1357 3040; x_wconf 90' lang='lat' dir='ltr'>plerique</span> <span class='ocrx_word' id='word_1_222' title='bbox 1382 2959 1467 3022; x_wconf 92' lang='lat' dir='ltr'>eius-</span> 
     </span>
     <span class='ocr_line' id='line_1_27' title="bbox 190 3063 1467 3149; baseline 0 -21"><span class='ocrx_word' id='word_1_223' title='bbox 190 3064 263 3130; x_wconf 91' lang='lat' dir='ltr'>dem</span> <span class='ocrx_word' id='word_1_224' title='bbox 286 3063 405 3128; x_wconf 88' lang='lat' dir='ltr'>aetatis</span> <span class='ocrx_word' id='word_1_225' title='bbox 429 3065 605 3148; x_wconf 88' lang='lat' dir='ltr'>scriptores</span> <span class='ocrx_word' id='word_1_226' title='bbox 623 3066 827 3132; x_wconf 82' lang='lat' dir='ltr'>coniunctim</span> <span class='ocrx_word' id='word_1_227' title='bbox 844 3073 991 3147; x_wconf 86' lang='lat' dir='ltr'>utantur,</span> <span class='ocrx_word' id='word_1_228' title='bbox 1016 3067 1202 3132; x_wconf 87' lang='lat' dir='ltr'>Ammianos</span> <span class='ocrx_word' id='word_1_229' title='bbox 1219 3066 1321 3130; x_wconf 90' lang='lat' dir='ltr'>multo</span> <span class='ocrx_word' id='word_1_230' title='bbox 1339 3065 1467 3149; x_wconf 91' lang='lat' dir='ltr'>saepius</span> 
     </span>
     <span class='ocr_line' id='line_1_28' title="bbox 186 3169 1467 3259; baseline 0.001 -23"><span class='ocrx_word' id='word_1_231' title='bbox 186 3172 306 3259; x_wconf 73' lang='lat' dir='ltr'>(75⁰s0)</span> <span class='ocrx_word' id='word_1_232' title='bbox 330 3169 543 3237; x_wconf 85' lang='lat' dir='ltr'>indicativum</span> <span class='ocrx_word' id='word_1_233' title='bbox 564 3194 663 3257; x_wconf 89' lang='lat' dir='ltr'>quam</span> <span class='ocrx_word' id='word_1_234' title='bbox 686 3175 928 3240; x_wconf 86' lang='lat' dir='ltr'>coniunctivum</span> <span class='ocrx_word' id='word_1_235' title='bbox 944 3178 1115 3258; x_wconf 81' lang='lat' dir='ltr'>usurpat.“</span> <span class='ocrx_word' id='word_1_236' title='bbox 1147 3173 1238 3239; x_wconf 91' lang='lat' dir='ltr'>Soliu</span> <span class='ocrx_word' id='word_1_237' title='bbox 1254 3194 1299 3238; x_wconf 88' lang='lat' dir='ltr'>so.</span> <span class='ocrx_word' id='word_1_238' title='bbox 1316 3172 1467 3255; x_wconf 89' lang='lat' dir='ltr'>obliquae</span> 
     </span>
     <span class='ocr_line' id='line_1_29' title="bbox 185 3277 1466 3363; baseline -0.001 -20"><span class='ocrx_word' id='word_1_239' title='bbox 185 3301 205 3343; x_wconf 91' lang='lat' dir='ltr'>a</span> <span class='ocrx_word' id='word_1_240' title='bbox 227 3300 279 3343; x_wconf 92' lang='lat' dir='ltr'>me</span> <span class='ocrx_word' id='word_1_241' title='bbox 309 3277 578 3362; x_wconf 87' lang='lat' dir='ltr'>circumscriptae</span> <span class='ocrx_word' id='word_1_242' title='bbox 608 3287 684 3345; x_wconf 89' lang='lat' dir='ltr'>sunt</span> <span class='ocrx_word' id='word_1_243' title='bbox 715 3280 884 3348; x_wconf 76' lang='lat' dir='ltr'>indicativi</span> <span class='ocrx_word' id='word_1_244' title='bbox 908 3289 960 3362; x_wconf 83' lang='grc'>40,</span> <span class='ocrx_word' id='word_1_245' title='bbox 994 3280 1190 3348; x_wconf 88' lang='lat' dir='ltr'>coniunctivi</span> <span class='ocrx_word' id='word_1_246' title='bbox 1216 3285 1255 3345; x_wconf 79' lang='lat'>19</span> <span class='ocrx_word' id='word_1_247' title='bbox 1280 3279 1368 3362; x_wconf 92' lang='lat' dir='ltr'>quod</span> <span class='ocrx_word' id='word_1_248' title='bbox 1390 3301 1466 3363; x_wconf 90' lang='lat' dir='ltr'>par-</span> 
     </span>
     <span class='ocr_line' id='line_1_30' title="bbox 184 3380 1489 3469; baseline 0.001 -19"><span class='ocrx_word' id='word_1_249' title='bbox 184 3386 320 3452; x_wconf 87' lang='lat' dir='ltr'>ticulam</span> <span class='ocrx_word' id='word_1_250' title='bbox 346 3391 525 3469; x_wconf 83' lang='lat' dir='ltr'>sequentes</span> <span class='ocrx_word' id='word_1_251' title='bbox 1487 3380 1489 3384; x_wconf 68' lang='grc'><strong>’</strong></span> 
     </span>
    </p>

    <p class='ocr_par' dir='ltr' id='par_1_8' title="bbox 276 3495 908 3580">
     <span class='ocr_line' id='line_1_31' title="bbox 276 3495 908 3580; baseline 0.002 -21"><span class='ocrx_word' id='word_1_252' title='bbox 276 3495 433 3578; x_wconf 82' lang='lat' dir='ltr'>Sequitur</span> <span class='ocrx_word' id='word_1_253' title='bbox 457 3496 541 3559; x_wconf 90' lang='lat' dir='ltr'>enim</span> <span class='ocrx_word' id='word_1_254' title='bbox 564 3498 688 3580; x_wconf 81' lang='lat' dir='ltr'>‚,qaod“</span> <span class='ocrx_word' id='word_1_255' title='bbox 711 3498 908 3579; x_wconf 89' lang='lat' dir='ltr'>particulam</span> 
     </span>
    </p>

    <p class='ocr_par' dir='ltr' id='par_1_9' title="bbox 383 3600 657 3697">
     <span class='ocr_line' id='line_1_32' title="bbox 383 3600 657 3697; baseline 0.026 -30"><span class='ocrx_word' id='word_1_256' title='bbox 383 3600 417 3689; x_wconf 83' lang='lat' dir='ltr'>a)</span> <span class='ocrx_word' id='word_1_257' title='bbox 444 3604 657 3697; x_wconf 82' lang='lat' dir='ltr'>indicativus.</span> 
     </span>
    </p>

    <p class='ocr_par' dir='ltr' id='par_1_10' title="bbox 185 3707 1467 4009">
     <span class='ocr_line' id='line_1_33' title="bbox 276 3707 1467 3793; baseline 0 -21"><span class='ocrx_word' id='word_1_258' title='bbox 276 3710 312 3772; x_wconf 90' lang='lat' dir='ltr'>ln</span> <span class='ocrx_word' id='word_1_259' title='bbox 346 3710 530 3774; x_wconf 84' lang='lat' dir='ltr'>universum</span> <span class='ocrx_word' id='word_1_260' title='bbox 562 3711 648 3776; x_wconf 87' lang='lat' dir='ltr'>valet</span> <span class='ocrx_word' id='word_1_261' title='bbox 678 3711 740 3776; x_wconf 93' lang='lat' dir='ltr'>hoc</span> <span class='ocrx_word' id='word_1_262' title='bbox 770 3711 866 3775; x_wconf 92' lang='lat' dir='ltr'>modo</span> <span class='ocrx_word' id='word_1_263' title='bbox 899 3709 1074 3793; x_wconf 87' lang='lat' dir='ltr'>significari</span> <span class='ocrx_word' id='word_1_264' title='bbox 1106 3707 1230 3790; x_wconf 89' lang='lat' dir='ltr'>aliquid</span> <span class='ocrx_word' id='word_1_265' title='bbox 1263 3712 1321 3772; x_wconf 89' lang='lat' dir='ltr'>aut</span> <span class='ocrx_word' id='word_1_266' title='bbox 1353 3729 1467 3772; x_wconf 91' lang='lat' dir='ltr'>revera</span> 
     </span>
     <span class='ocr_line' id='line_1_34' title="bbox 185 3811 1466 3902; baseline -0.003 -22"><span class='ocrx_word' id='word_1_267' title='bbox 185 3817 310 3881; x_wconf 85' lang='lat' dir='ltr'>factum</span> <span class='ocrx_word' id='word_1_268' title='bbox 335 3839 403 3882; x_wconf 87' lang='lat' dir='ltr'>esse</span> <span class='ocrx_word' id='word_1_269' title='bbox 428 3824 486 3882; x_wconf 89' lang='lat' dir='ltr'>aut</span> <span class='ocrx_word' id='word_1_270' title='bbox 508 3819 578 3883; x_wconf 84' lang='lat' dir='ltr'>lore</span> <span class='ocrx_word' id='word_1_271' title='bbox 603 3824 661 3883; x_wconf 91' lang='lat' dir='ltr'>aut</span> <span class='ocrx_word' id='word_1_272' title='bbox 683 3819 752 3884; x_wconf 84' lang='lat' dir='ltr'>lore</span> <span class='ocrx_word' id='word_1_273' title='bbox 776 3841 836 3902; x_wconf 90' lang='lat' dir='ltr'>pro</span> <span class='ocrx_word' id='word_1_274' title='bbox 853 3811 941 3883; x_wconf 88' lang='lat' dir='ltr'>certo</span> <span class='ocrx_word' id='word_1_275' title='bbox 965 3816 1118 3880; x_wconf 89' lang='lat' dir='ltr'>habuisse</span> <span class='ocrx_word' id='word_1_276' title='bbox 1141 3820 1200 3878; x_wconf 92' lang='lat' dir='ltr'>aut</span> <span class='ocrx_word' id='word_1_277' title='bbox 1216 3814 1262 3878; x_wconf 90' lang='lat' dir='ltr'>sic</span> <span class='ocrx_word' id='word_1_278' title='bbox 1278 3814 1390 3896; x_wconf 89' lang='lat' dir='ltr'>putari</span> <span class='ocrx_word' id='word_1_279' title='bbox 1412 3833 1466 3877; x_wconf 90' lang='lat' dir='ltr'>vo-</span> 
     </span>
     <span class='ocr_line' id='line_1_35' title="bbox 185 3922 588 4009; baseline 0.002 -22"><span class='ocrx_word' id='word_1_280' title='bbox 185 3922 284 3988; x_wconf 90' lang='lat' dir='ltr'>luisse</span> <span class='ocrx_word' id='word_1_281' title='bbox 308 3945 364 3988; x_wconf 89' lang='lat' dir='ltr'>eos</span> <span class='ocrx_word' id='word_1_282' title='bbox 388 3925 444 4009; x_wconf 86' lang='lat' dir='ltr'>qui</span> <span class='ocrx_word' id='word_1_283' title='bbox 467 3924 588 3990; x_wconf 91' lang='lat' dir='ltr'>dicunt.</span> 
     </span>
    </p>
   </div>
   <div class='ocr_carea' id='block_1_3' title="bbox 221 4185 1466 4435">
    <p class='ocr_par' dir='ltr' id='par_1_11' title="bbox 221 4185 1466 4435">
     <span class='ocr_line' id='line_1_36' title="bbox 224 4185 760 4254; baseline 0.009 -21"><span class='ocrx_word' id='word_1_284' title='bbox 224 4185 244 4251; x_wconf 80' lang='grc' dir='ltr'>Ι)</span> <span class='ocrx_word' id='word_1_285' title='bbox 264 4185 296 4234; x_wconf 88' lang='lat' dir='ltr'>V.</span> <span class='ocrx_word' id='word_1_286' title='bbox 316 4187 469 4236; x_wconf 84' lang='lat' dir='ltr'>Ehrismann</span> <span class='ocrx_word' id='word_1_287' title='bbox 489 4191 505 4237; x_wconf 90' lang='lat'>1.</span> <span class='ocrx_word' id='word_1_288' title='bbox 526 4205 548 4240; x_wconf 87' lang='lat' dir='ltr'>c.</span> <span class='ocrx_word' id='word_1_289' title='bbox 568 4204 630 4252; x_wconf 85' lang='lat' dir='ltr'>pag.</span> <span class='ocrx_word' id='word_1_290' title='bbox 650 4191 684 4249; x_wconf 92' lang='lat'>46</span> <span class='ocrx_word' id='word_1_291' title='bbox 704 4205 760 4254; x_wconf 86' lang='lat' dir='ltr'>sqq.</span> 
     </span>
     <span class='ocr_line' id='line_1_37' title="bbox 221 4273 1466 4344; baseline 0.003 -20"><span class='ocrx_word' id='word_1_292' title='bbox 221 4273 245 4342; x_wconf 73' lang='lat'>2)</span> <span class='ocrx_word' id='word_1_293' title='bbox 264 4277 294 4325; x_wconf 90' lang='lat' dir='ltr'>In</span> <span class='ocrx_word' id='word_1_294' title='bbox 313 4277 440 4326; x_wconf 91' lang='lat' dir='ltr'>librorum</span> <span class='ocrx_word' id='word_1_295' title='bbox 458 4295 591 4328; x_wconf 89' lang='lat' dir='ltr'>sacrorum</span> <span class='ocrx_word' id='word_1_296' title='bbox 610 4281 789 4342; x_wconf 86' lang='lat' dir='ltr'>translatione,</span> <span class='ocrx_word' id='word_1_297' title='bbox 810 4295 876 4344; x_wconf 89' lang='lat' dir='ltr'>quae</span> <span class='ocrx_word' id='word_1_298' title='bbox 896 4278 1010 4342; x_wconf 87' lang='lat' dir='ltr'>Vulgata</span> <span class='ocrx_word' id='word_1_299' title='bbox 1030 4287 1144 4340; x_wconf 85' lang='lat' dir='ltr'>vocatur,</span> <span class='ocrx_word' id='word_1_300' title='bbox 1170 4281 1237 4342; x_wconf 82' lang='lat' dir='ltr'>quod</span> <span class='ocrx_word' id='word_1_301' title='bbox 1253 4280 1381 4328; x_wconf 87' lang='lat' dir='ltr'>Graecum</span> <span class='ocrx_word' id='word_1_302' title='bbox 1400 4279 1466 4328; x_wconf 86' lang='lat' dir='ltr'>illud</span> 
     </span>
     <span class='ocr_line' id='line_1_38' title="bbox 266 4352 1316 4435; baseline -0.001 -18"><span class='ocrx_word' id='word_1_303' title='bbox 266 4352 312 4417; x_wconf 77' lang='grc' dir='ltr'>ὅτι</span> <span class='ocrx_word' id='word_1_304' title='bbox 335 4382 391 4415; x_wconf 88' lang='lat' dir='ltr'>esse</span> <span class='ocrx_word' id='word_1_305' title='bbox 412 4368 488 4416; x_wconf 87' lang='lat' dir='ltr'>etiam</span> <span class='ocrx_word' id='word_1_306' title='bbox 508 4369 541 4417; x_wconf 90' lang='lat' dir='ltr'>ab</span> <span class='ocrx_word' id='word_1_307' title='bbox 558 4368 660 4418; x_wconf 86' lang='lat' dir='ltr'>Haasio</span> <span class='ocrx_word' id='word_1_308' title='bbox 680 4372 697 4420; x_wconf 91' lang='lat' dir='ltr'>l.</span> <span class='ocrx_word' id='word_1_309' title='bbox 719 4386 740 4419; x_wconf 91' lang='lat' dir='ltr'>c.</span> <span class='ocrx_word' id='word_1_310' title='bbox 761 4375 849 4418; x_wconf 87' lang='lat' dir='ltr'>annot.</span> <span class='ocrx_word' id='word_1_311' title='bbox 870 4370 921 4434; x_wconf 84' lang='lat'>506</span> <span class='ocrx_word' id='word_1_312' title='bbox 941 4384 1002 4435; x_wconf 87' lang='lat' dir='ltr'>pag.</span> <span class='ocrx_word' id='word_1_313' title='bbox 1020 4383 1072 4432; x_wconf 87' lang='lat'>499</span> <span class='ocrx_word' id='word_1_314' title='bbox 1092 4377 1316 4419; x_wconf 87' lang='lat' dir='ltr'>commemoratur.</span> 
     </span>
    </p>
   </div>
   <div class='ocr_carea' id='block_1_4' title="bbox 0 0 1646 4918">
    <p class='ocr_par' dir='ltr' id='par_1_12' title="bbox 0 0 1646 4918">
     <span class='ocr_line' id='line_1_39' title="bbox 0 0 1646 4918; baseline 0 0"><span class='ocrx_word' id='word_1_315' title='bbox 0 0 1646 4918; x_wconf 95' lang='lat' dir='ltr'> </span> 
     </span>
    </p>
   </div>
  </div>
 </body>
</html>
