3282 4918
792 151 834 218 63

260 326 334 391 Uno
357 326 430 392 loco
454 341 590 412 excepto
614 328 735 413 ubique
751 331 871 413 „quod‘
887 329 1071 394 coniunctio
1096 328 1236 394 causalis
1260 334 1387 412 spectat
1410 328 1453 394 ad
1518 306 1524 338 ⁴

161 433 466 498 demonstrativum
489 435 680 502 adverbium
702 437 813 516 „r'deo“
837 435 1047 516 antecedens3
1080 458 1145 521 quo
1169 434 1215 513 fit,
1246 444 1283 500 ut
1306 438 1452 502 narratio

160 541 274 625 magis
306 539 484 606 definiatur
513 541 547 606 id
580 542 667 626 quod
698 542 785 608 idem
820 544 940 628 optime
965 542 1167 628 significatur·
1201 542 1368 609 indicativi
1402 563 1455 607 res

162 650 258 732 ipsas
284 648 496 730 exprimentis
519 671 590 715 usu.

258 756 350 822 Anu.
375 756 585 822 Memorabile
602 757 731 824 videtur
746 758 779 821 in
803 757 952 824 omnibus
975 757 1026 823 his
1052 764 1069 821 5
1096 758 1251 842 exemplis
1275 757 1455 824 sententiae

165 864 296 929 causali
332 863 527 930 antecedere
559 864 609 929 vel
644 865 855 949 participium
889 866 940 930 rel
977 864 1155 930 infinitivus
1190 865 1369 949 praesentis
1405 864 1456 930 rel

170 969 376 1054 gerundium.
424 970 565 1036 Maxime
597 978 707 1037 autem
738 971 828 1036 illam
853 972 1053 1038 Graecorum
1083 972 1350 1039 consuetudinem
1380 979 1457 1057 post

170 1077 278 1161 prima
302 1083 452 1161 tempora
476 1079 690 1159 coniunctivi,
722 1085 799 1164 post
821 1079 964 1144 secunda
988 1080 1125 1164 optativi
1148 1079 1289 1164 ponendi
1314 1079 1356 1146 ab
1381 1079 1457 1144 Arn-

172 1187 280 1250 miano
304 1184 339 1248 in
363 1183 480 1249 Latino
511 1205 640 1270 qnoque
665 1207 812 1252 sermone
835 1189 970 1253 mutatis
999 1188 1164 1254 mutandis
1196 1194 1358 1254 servatam
1388 1209 1458 1254 esse

174 1292 376 1376 intellegitur
392 1315 432 1357 ex
447 1292 498 1357 his
515 1292 641 1358 duobus
657 1294 753 1359 locis:
779 1293 847 1375 XV,
867 1301 895 1372 3,
916 1301 951 1361 6:
976 1299 1165 1362 moerebant
1177 1348 1184 1362 .
1198 1348 1205 1362 .
1219 1347 1242 1376 .,
1266 1295 1352 1379 quod
1369 1295 1458 1379 apud
1535 1271 1542 1291 .

175 1399 345 1464 Atlanteos
368 1399 438 1464 nati
453 1420 518 1464 non
536 1407 657 1481 esseut;
680 1400 830 1479 XXVIII,
856 1407 886 1482 4,
916 1408 971 1468 18;
996 1408 1178 1488 queruntur
1198 1403 1286 1488 quod
1301 1425 1365 1468 non
1382 1409 1458 1470 suut

175 1508 263 1591 apud
287 1507 477 1572 Cimmerios
500 1501 606 1573 nati.¹

264 1614 464 1681 Indieativus
487 1637 587 1700 porro
611 1617 773 1681 invenitur
796 1616 831 1680 in
854 1615 894 1680 iis
925 1615 1094 1680 sententiis
1126 1615 1342 1698 secundariis,
1375 1637 1459 1700 quae

183 1721 337 1806 Incipiunt

269 1827 303 1916 d)
328 1851 350 1896 u
371 1832 548 1915 particulis
572 1832 800 1916 temporalibus

179 1934 261 2020 XVI,
281 1943 330 2018 10,
350 1942 386 2002 3:
412 1938 529 2022 (visere
546 1938 721 2025 gestiebat)
738 1991 743 2004 .
758 1990 786 2007 ..
809 1938 964 2020 ignorans
981 1936 1119 2001 fortasse
1136 1935 1292 2020 quosdam
1311 1942 1456 2001 veterum
1534 1954 1535 1962 ¹

335 2044 519 2127 principum
543 2045 576 2108 in
600 2066 680 2129 paee
705 2045 836 2129 quidem
859 2045 1030 2111 lictoribus
1054 2043 1152 2110 fuisse
1182 2050 1369 2121 contentos,
1402 2046 1460 2110 ubi

334 2172 409 2217 uero
422 2154 621 2237 proeliorum
637 2153 736 2218 ordor
758 2153 843 2219 ritu
863 2145 992 2238 perpeti
1013 2157 1144 2238 poterut
1165 2173 1269 2237 seque,
1294 2151 1393 2215 alium
1408 2203 1414 2217 .
1430 2203 1457 2218 ..

336 2280 371 2324 se
395 2259 592 2326 commisisse

174 2364 274 2447 XXV,
301 2371 331 2446 9,
359 2372 394 2431 11
408 2389 415 2432 :
441 2366 559 2434 docent
572 2419 579 2434 .
594 2418 623 2434 ..
647 2369 714 2450 ieta
731 2390 804 2434 cum
822 2368 980 2434 dedecore
996 2367 1139 2447 foedera,
1162 2371 1330 2452 postquem
1343 2371 1456 2451 portes

334 2476 439 2541 uerbis
461 2477 612 2542 iuravere
636 2477 807 2560 conceptis,
821 2525 828 2539 .
842 2526 870 2540 ..
897 2474 1067 2540 dissoluta.

266 2580 531 2647 coniunctionem
566 2595 642 2647 vero
674 2582 773 2666 ,dum
797 2613 838 2638 =
863 2581 1039 2648 wahrend“
1073 2581 1162 2665 quod
1194 2581 1293 2646 etiam
1317 2581 1350 2644 in
1375 2602 1403 2645 o.
1429 2601 1458 2646 o.

175 2688 228 2752 hie
251 2689 394 2773 scriptor
418 2712 490 2755 cum
515 2689 689 2754 indicativo
714 2689 892 2772 coniungit,
919 2682 1059 2755 veterem
1075 2687 1167 2752 illum
1187 2709 1280 2752 usum
1298 2689 1457 2772 sequitur,

179 2795 216 2860 de
242 2818 307 2881 quo
332 2796 412 2862 dicit
433 2796 569 2862 Kiihner
591 2818 622 2880 p.
649 2802 729 2876 910,
756 2801 792 2860 3:
841 2798 902 2878 ,ln
927 2798 985 2861 der
1008 2795 1284 2878 Dichterspraehe
1308 2793 1373 2858 und
1397 2797 1459 2861 seit

178 2905 284 2970 Livius
308 2905 449 2970 anchin
473 2904 531 2969 der
555 2904 658 2968 Prosa
681 2903 762 2968 wird
787 2903 872 2968 auch
897 2907 930 2970 in
955 2903 1014 2968 der
1038 2903 1191 2986 obliquen
1217 2903 1304 2968 Reda
1329 2901 1377 2968 oft
1401 2904 1459 2969 der

179 3011 341 3077 Indikatir
366 3013 417 3078 bei
441 3012 518 3077 dnm
534 3010 773 3077 beibehalten.“
814 3008 851 3078 V.
869 3011 999 3094 Kriiger
1016 3033 1047 3094 p.
1066 3015 1140 3089 890,
1165 3009 1316 3074 Kiihnaat
1331 3032 1362 3093 p.
1383 3015 1455 3088 235,

176 3118 317 3203 Madwig
347 3123 367 3201 ς
392 3124 470 3197 369,
505 3120 541 3184 Α.
575 3123 609 3199 3,
642 3118 736 3183 alios.
784 3117 919 3186 Minime
950 3118 1051 3201 igitur
1082 3115 1276 3181 offendimur
1308 3137 1345 3181 eo
1371 3118 1458 3199 quod

178 3225 386 3291 Hassensteiu
409 3250 441 3311 p.
467 3230 506 3290 37
533 3249 549 3292 e
575 3225 699 3291 Graeco
724 3247 813 3291 more
838 3225 962 3293 facturn
988 3247 1057 3290 esse
1089 3222 1185 3287 dicit:
1218 3223 1251 3286 in
1280 3224 1457 3289 enuntiatis

181 3333 354 3400 minoribus
378 3356 406 3399 o.
432 3333 583 3418 obliquae
606 3333 819 3399 indicativum
843 3334 1050 3399 Ammianum
1073 3352 1195 3414 ponere
1218 3351 1278 3414 pro
1304 3333 1457 3397 coniunc-

179 3440 251 3507 tivo.
297 3442 419 3506 Eorum
444 3463 525 3525 quos
549 3440 645 3506 affert
667 3440 815 3505 locorum
837 3440 902 3505 huc
924 3441 1082 3525 pertinet:

177 3546 243 3628 XV,
277 3553 305 3628 5,
342 3553 397 3612 17:
427 3549 676 3633 perfertur....
700 3549 850 3627 nuntius,
882 3553 995 3630 aperte
1020 3545 1188 3612 Silvanum
1219 3545 1456 3627 demonstrans,

336 3658 411 3722 duur
436 3679 474 3722 eu
496 3658 683 3741 ruupisterr'o
704 3656 851 3741 peditum
874 3657 975 3722 ultius
1001 3656 1183 3720 uitetur...
1215 3651 1258 3718 ad
1280 3659 1456 3736 augustum

336 3765 463 3829 culmen
487 3771 634 3830 evectum
648 3816 677 3832 ..
696 3815 702 3828 .

435 3873 536 3938 ceteri
559 3872 626 3938 loci
650 3878 742 3937 sunt:

175 3977 292 4058 XXIV,
324 3985 354 4060 4,
388 3984 444 4044 22:
477 3979 690 4047 consulto...
720 3979 919 4044 invaduntur
942 3979 1108 4062 utrimque
1132 3977 1272 4058 frontes,
1302 3983 1348 4056 ut,
1380 3979 1457 4044 duur

335 4087 563 4173 propulsaturi
590 4087 741 4172 periculo
776 4085 960 4167 defensores
1063 4089 1270 4166 discurrunt,
1307 4109 1456 4156 11ec....

336 4195 508 4261 audiretur
531 4196 611 4261 ferri
634 4196 772 4260 tinnitus
796 4215 856 4259 nec
871 4249 877 4262 .
892 4246 921 4261 ..
1382 4211 1385 4219 ⁴

175 4302 294 4383 XXXI,
322 4308 372 4382 13,
399 4309 455 4370 14:
481 4303 597 4370 dieunt
619 4303 810 4368 Valentem.
827 4353 833 4365 .
849 4354 874 4382 .,
900 4301 976 4367 dum
998 4302 1127 4385 fovetur
1151 4301 1300 4367 manibus
1323 4301 1456 4385 imperi·

337 4413 379 4477 tis
393 4467 400 4480 .
415 4467 442 4483 ..
468 4415 626 4480 dedecore
651 4414 851 4497 captivitatis
875 4419 1075 4496 exemptum.
