3282 4918
721 243 725 250 .
778 181 821 252 46

255 362 502 427 Coniunctivum
525 367 715 443 „resultaret‘
737 368 775 426 ut
796 368 934 447 poneret
957 361 1145 426 Ammianus
1169 360 1237 425 sine
1261 359 1360 425 dubio
1384 358 1441 425 ad·

166 468 283 535 ductus
308 474 358 535 est
379 469 520 552 primum
537 490 632 534 sensu
649 467 875 549 condicionali,
900 474 938 534 ut
962 467 1149 534 accuratius
1164 464 1254 531 infra
1270 487 1441 552 exponam,

164 575 280 642 deinde
304 576 413 642 studio
437 574 608 641 modorum
631 575 815 656 varietatis,
847 596 945 660 quam
968 575 1174 640 vehementer
1204 573 1316 658 appeti
1338 572 1380 638 ab
1405 595 1442 639 eo

164 683 361 749 Ehrismann
385 682 621 748 demonstravit
642 683 663 749 1.
689 705 714 749 c.
738 703 813 768 pag.
837 687 879 748 43
904 703 970 767 sq.;
1003 703 1079 747 nam
1102 681 1136 745 in
1160 679 1316 746 multaret
1340 702 1443 765 „quo-

165 795 248 874 1111α
281 791 446 858 notionem
475 789 581 856 futuri
610 791 716 857 inesse
739 790 955 856 Ehrismannc
979 794 1064 874 (pag.
1091 793 1131 854 29
1156 787 1246 876 ann.)
1270 791 1449 872 assentIor,¹

164 920 265 982 quare
289 898 332 963 ad
355 897 568 981 premendam
595 897 698 963 futuri
721 899 888 963 notionem
913 898 1109 980 „multabit“
1133 899 1211 980 poni
1235 898 1357 965 debuit.
1393 898 1445 964 Ad

150 1005 226 1071 'hoe
250 1007 335 1070 enim
357 1012 486 1090 tempus
509 1005 721 1071 indicandum
743 1004 938 1070 indicativus
962 1005 1067 1070 futuri
1089 1012 1267 1088 usurpatus
1284 1011 1343 1087 est,
1369 1027 1445 1072 cum

165 1114 362 1179 coniunctivi
384 1113 577 1196 imperfecto
600 1134 756 1199 praesens
782 1119 912 1197 tempus
935 1110 1146 1196 significetur,
1171 1112 1260 1178 loco:

35 1229 39 1238 ’
163 1220 249 1302 XXI,
283 1226 311 1301 7,
345 1225 379 1286 3:
413 1227 531 1286 cuncta
562 1219 822 1286 consideratione
852 1221 980 1305 gemina
1012 1219 1136 1286 efficere
1159 1241 1255 1305 posse
1279 1221 1444 1306 sperabat,

324 1332 412 1413 qued
430 1327 601 1394 adversam
622 1333 750 1412 partem
774 1340 931 1394 metueret
953 1327 1108 1394 offensam
1132 1333 1165 1392 et
1186 1331 1444 1409 properabit...

323 1433 544 1501 commendari
561 1434 770 1517 Constanti0;
790 1441 834 1516 et,
851 1436 879 1500 si
894 1434 1103 1500 Ehrismanni
1120 1435 1308 1500 coniectura
1324 1436 1368 1521 (p.
1386 1433 1445 1522 45)

324 1547 458 1626 recepta
482 1543 554 1623 erit,

164 1650 250 1733 XIV,
277 1657 327 1732 ll,
356 1656 411 1715 11:
437 1651 493 1733 qni
516 1671 589 1714 eum
604 1700 609 1714 .
627 1700 655 1715 ..
678 1648 878 1733 pellexit...
911 1648 1101 1734 replicando
1125 1653 1227 1733 qued.
1244 1700 1275 1714 ..
1301 1671 1374 1714 eum
1398 1651 1446 1714 vi-

324 1756 401 1823 dere
431 1757 535 1823 frater
565 1768 693 1837 cuperet
719 1757 898 1842 patruelis.
915 1810 944 1827 ..
975 1757 1234 1842 participemque
1264 1779 1337 1822 eum
1366 1779 1446 1823 suae

324 1867 506 1931 maiestatis
536 1869 690 1932 adsciscet
720 1863 861 1951 (adsciso
894 1871 928 1930 et
956 1865 1001 1946 V,
1037 1865 1235 1931 adscisceret
1267 1864 1300 1930 Ο.
1332 1865 1367 1929 F.
1395 1865 1445 1932 W.

325 1971 467 2060 Miiller).
516 1972 605 2039 Haec
640 1970 825 2037 emendatio
856 1977 889 2037 et
917 1993 976 2055 per
1000 1992 1034 2036 se
1057 1971 1129 2054 ipsa
1152 1971 1389 2056 simplicissima
1413 1977 1447 2038 et

324 2080 452 2146 facilior
476 2085 526 2145 est
548 2101 647 2164 quam
670 2078 728 2144 illa
751 2078 901 2144 Muelleri
925 2085 959 2144 et
975 2100 1013 2144 ea
1028 2099 1064 2144 re
1080 2078 1225 2158 fulcitur,
1250 2077 1339 2163 quod
1353 2079 1445 2144 nullo

323 2186 396 2252 loco
418 2186 532 2272 plures
549 2186 746 2277 coniunctivi
761 2207 860 2251 unam
877 2186 1079 2271 eandemque
1098 2186 1295 2271 particulam
1312 2187 1445 2272 „quod“

325 2299 514 2378 sequuntur.

254 2401 351 2466 Nulla
374 2407 484 2466 autem
500 2400 627 2466 ratione
642 2399 722 2464 mihi
739 2401 877 2484 contigit
893 2400 1073 2484 explorare,
1099 2425 1164 2487 qua
1181 2403 1220 2468 de
1240 2425 1339 2470 causa
1354 2410 1447 2470 tran-

164 2510 257 2574 sierit
279 2509 384 2573 oratio
409 2530 449 2572 ex
472 2507 649 2572 indicativo
672 2508 706 2574 in
732 2508 972 2574 coniunctivum
995 2510 1143 2575 modum:

165 2617 281 2697 XXIX,
308 2622 337 2697 2,
365 2621 421 2680 12:
453 2637 512 2681 nec
526 2668 532 2680 .
548 2667 576 2681 ..
600 2615 779 2699 repressius
804 2623 913 2682 actum
937 2623 986 2682 est
1008 2616 1058 2681 vel
1082 2616 1273 2701 prudenter,
1306 2638 1371 2682 non
1394 2640 1447 2684 re·-

324 2728 461 2807 putante
485 2723 553 2788 alta
569 2723 707 2787 nimium
722 2729 898 2808 potestate,
923 2730 1011 2809 quod
1020 2775 1026 2788 .
1042 2775 1070 2792 ..
1095 2747 1134 2790 ne
1151 2747 1225 2790 oum
1240 2725 1447 2791 inimicorum

326 2831 456 2915 quidem
484 2828 698 2895 incommodis
731 2833 764 2895 in
797 2829 918 2897 delicta
948 2835 1090 2898 convenit
1122 2854 1216 2898 ruere
1247 2833 1444 2913 voluntaria,

324 2937 470 3020 nihilque
485 2938 529 3002 se't
540 2943 607 3001 tam
625 2937 809 3021 «iniquum»
831 2961 929 3022 qnam
945 2940 987 3005 ad
1004 2939 1107 3006 ardua
1123 2940 1251 3024 imperii
1268 2941 1443 3023 supercilia

210 3041 213 3048 ’
325 3044 423 3107 etiam
447 3042 659 3108 acerbitatem
684 3051 822 3110 naturae
846 3047 988 3130 adiungi.

699 3243 912 3252 --—-——...

253 3363 377 3431 Eadem
400 3365 541 3444 licentia,
566 3385 632 3448 qua
654 3385 732 3429 usus
756 3366 897 3450 scriptor
919 3366 973 3430 hie
995 3367 1029 3431 in
1056 3366 1161 3432 modis
1188 3367 1382 3433 adhibendis
1406 3390 1448 3435 ex

164 3495 229 3538 uno
252 3474 286 3537 in
318 3473 457 3538 alterurn
488 3470 667 3551 transibat,
697 3473 755 3537 uni
785 3472 954 3556 eidemque
985 3472 1083 3538 verbo
1115 3473 1260 3554 dicendi,
1291 3473 1325 3538 id
1358 3474 1447 3558 quod

164 3579 264 3647 semel
286 3579 342 3662 fit,
373 3579 556 3665 particulae
588 3582 677 3663 qued
697 3585 729 3644 et
751 3578 902 3644 infinitivi
927 3601 953 3646 c.
976 3601 1042 3647 acc.
1066 3586 1265 3647 structuram
1291 3580 1447 3651 adnectit.

166 3689 210 3754 Ut
235 3689 376 3754 enimin
399 3695 491 3753 recta
514 3709 542 3752 ο.
567 3687 682 3752 scribit

165 3796 264 3877 XXV,
290 3801 319 3876 9,
346 3801 383 3860 9:
411 3815 608 3878 ,numquam
632 3795 769 3859 inveniri
791 3800 901 3878 potest
917 3806 1005 3874 pars
1028 3801 1096 3862 ulla
1111 3795 1197 3860 hosti
1214 3821 1364 3874 eeneessa,
1388 3796 1446 3862 sed

325 3924 385 3967 ne.
402 3953 430 3967 ..
452 3900 582 3985 quidem
599 3953 604 3964 .
621 3953 627 3966 .
644 3953 649 3966 .
668 3901 882 3984 triumphales
900 3902 1019 3984 glorias
1035 3902 1134 3968 fuisse
1151 3908 1301 3983 delatos“,
1329 3906 1376 3970 ita
1399 3905 1445 3970 le-

326 4011 412 4093 gitur
435 4011 469 4072 in
494 4031 523 4078 o.
549 4030 594 4074 ο.;
802 4055 810 4080 .

165 4118 285 4200 XVIII,
311 4122 340 4197 6,
369 4123 423 4182 16:
450 4116 545 4182 dooet
558 4168 564 4182 .
623 4121 712 4201 quod
720 4168 726 4182 .
743 4168 771 4183 ..
788 4116 831 4182 ad
847 4116 963 4182 Persas
980 4119 1112 4182 aberrat
1125 4117 1292 4201 profugus,
1312 4119 1444 4185 exinde-

327 4247 389 4310 que
489 4224 728 4312 speculatorem
759 4247 793 4290 se
823 4225 957 4290 missum
988 4226 1029 4289 ad
1060 4231 1192 4305 nostra,
1223 4246 1319 4311 saepe
1352 4248 1444 4292 veros

325 4332 462 4398 nuntios*
485 4343 689 4412 reportasse,
720 4338 755 4398 at
778 4355 863 4400 nunc
887 4355 964 4401 sea
988 4333 1186 4416 Tamsapore
1212 4338 1245 4398 et
1267 4333 1443 4401 Nohodare
