<?xml version="1.0" encoding="UTF-8"?>
<!DOCTYPE html PUBLIC "-//W3C//DTD XHTML 1.0 Transitional//EN"
    "http://www.w3.org/TR/xhtml1/DTD/xhtml1-transitional.dtd">
<html xmlns="http://www.w3.org/1999/xhtml" xml:lang="en" lang="en">
 <head>
  <title>
</title>
<meta http-equiv="Content-Type" content="text/html;charset=utf-8" />
  <meta name='ocr-system' content='tesseract 3.04.00' />
  <meta name='ocr-capabilities' content='ocr_page ocr_carea ocr_par ocr_line ocrx_word'/>
</head>
<body>
  <div class='ocr_page' id='page_1' title='image "./deammianimarcel00reitgoog_0021.png"; bbox 0 0 3282 4918; ppageno 0'>
   <div class='ocr_carea' id='block_1_1' title="bbox 734 231 849 326">
    <p class='ocr_par' dir='ltr' id='par_1_1' title="bbox 734 231 933 326">
     <span class='ocr_line' id='line_1_1' title="bbox 734 231 849 326; baseline 0.005 -1"><span class='ocrx_word' id='word_1_1' title='bbox 734 231 849 326; x_wconf 50' lang='grc' dir='ltr'><strong>...Ἃ</strong></span> 
     </span>
    </p>
   </div>
   <div class='ocr_carea' id='block_1_2' title="bbox 182 393 1470 1348">
    <p class='ocr_par' dir='ltr' id='par_1_2' title="bbox 182 393 1470 1348">
     <span class='ocr_line' id='line_1_2' title="bbox 274 393 1468 491; baseline 0.002 -22"><span class='ocrx_word' id='word_1_2' title='bbox 274 405 419 470; x_wconf 83' lang='lat' dir='ltr'><strong>Sufficiat</strong></span> <span class='ocrx_word' id='word_1_3' title='bbox 449 429 488 469; x_wconf 84' lang='lat' dir='ltr'><strong>ex</strong></span> <span class='ocrx_word' id='word_1_4' title='bbox 525 411 561 469; x_wconf 77' lang='lat'><strong>17</strong></span> <span class='ocrx_word' id='word_1_5' title='bbox 583 393 687 470; x_wconf 78' lang='lat' dir='ltr'><strong>liuius</strong></span> <span class='ocrx_word' id='word_1_6' title='bbox 718 407 781 484; x_wconf 86' lang='lat' dir='ltr'><strong>rei,</strong></span> <span class='ocrx_word' id='word_1_7' title='bbox 815 428 898 490; x_wconf 90' lang='lat' dir='ltr'><strong>quae</strong></span> <span class='ocrx_word' id='word_1_8' title='bbox 928 407 992 472; x_wconf 87' lang='lat' dir='ltr'><strong>iam</strong></span> <span class='ocrx_word' id='word_1_9' title='bbox 1021 406 1054 470; x_wconf 91' lang='lat' dir='ltr'><strong>in</strong></span> <span class='ocrx_word' id='word_1_10' title='bbox 1086 403 1236 471; x_wconf 81' lang='lat' dir='ltr'><strong>Caesaris</strong></span> <span class='ocrx_word' id='word_1_11' title='bbox 1267 406 1308 491; x_wconf 89' lang='lat' dir='ltr'><strong>(e.</strong></span> <span class='ocrx_word' id='word_1_12' title='bbox 1343 428 1368 472; x_wconf 87' lang='lat' dir='ltr'><strong>o.</strong></span> <span class='ocrx_word' id='word_1_13' title='bbox 1392 405 1468 471; x_wconf 90' lang='lat' dir='ltr'><strong>bell.</strong></span> 
     </span>
     <span class='ocr_line' id='line_1_3' title="bbox 184 511 1469 599; baseline -0.001 -22"><span class='ocrx_word' id='word_1_14' title='bbox 184 512 266 577; x_wconf 84' lang='lat' dir='ltr'>Gall.</span> <span class='ocrx_word' id='word_1_15' title='bbox 285 514 309 593; x_wconf 86' lang='lat'><strong>1,</strong></span> <span class='ocrx_word' id='word_1_16' title='bbox 334 511 392 599; x_wconf 87' lang='grc'><strong>40)</strong></span> <span class='ocrx_word' id='word_1_17' title='bbox 410 519 443 578; x_wconf 90' lang='lat' dir='ltr'><strong>et</strong></span> <span class='ocrx_word' id='word_1_18' title='bbox 459 512 605 577; x_wconf 79' lang='lat' dir='ltr'><strong>Sallustii</strong></span> <span class='ocrx_word' id='word_1_19' title='bbox 622 514 709 598; x_wconf 81' lang='lat' dir='ltr'><strong>(lug.</strong></span> <span class='ocrx_word' id='word_1_20' title='bbox 729 519 801 593; x_wconf 80' lang='lat' dir='ltr'><strong>lot,</strong></span> <span class='ocrx_word' id='word_1_21' title='bbox 828 514 862 597; x_wconf 82' lang='grc'><strong>6)</strong></span> <span class='ocrx_word' id='word_1_22' title='bbox 885 515 1034 578; x_wconf 90' lang='lat' dir='ltr'><strong>oratione</strong></span> <span class='ocrx_word' id='word_1_23' title='bbox 1051 512 1184 596; x_wconf 89' lang='lat' dir='ltr'><strong>obliqua</strong></span> <span class='ocrx_word' id='word_1_24' title='bbox 1200 534 1296 596; x_wconf 83' lang='lat' dir='ltr'><strong>saepe</strong></span> <span class='ocrx_word' id='word_1_25' title='bbox 1320 512 1469 578; x_wconf 84' lang='lat' dir='ltr'><strong>animad-</strong></span> 
     </span>
     <span class='ocr_line' id='line_1_4' title="bbox 183 619 1470 705; baseline 0.002 -21"><span class='ocrx_word' id='word_1_26' title='bbox 183 627 341 700; x_wconf 85' lang='lat' dir='ltr'><strong>vertatur,</strong></span> <span class='ocrx_word' id='word_1_27' title='bbox 366 620 522 704; x_wconf 85' lang='lat' dir='ltr'><strong>exemplis</strong></span> <span class='ocrx_word' id='word_1_28' title='bbox 546 641 566 683; x_wconf 91' lang='lat' dir='ltr'><strong>a</strong></span> <span class='ocrx_word' id='word_1_29' title='bbox 590 643 640 684; x_wconf 89' lang='lat' dir='ltr'><strong>me</strong></span> <span class='ocrx_word' id='word_1_30' title='bbox 664 621 803 704; x_wconf 76' lang='lat' dir='ltr'><strong>repertis</strong></span> <span class='ocrx_word' id='word_1_31' title='bbox 827 619 908 685; x_wconf 90' lang='lat' dir='ltr'><strong>haec</strong></span> <span class='ocrx_word' id='word_1_32' title='bbox 933 643 1038 705; x_wconf 89' lang='lat' dir='ltr'><strong>pauca</strong></span> <span class='ocrx_word' id='word_1_33' title='bbox 1062 621 1247 687; x_wconf 78' lang='lat' dir='ltr'><strong>adnotasse.</strong></span> <span class='ocrx_word' id='word_1_34' title='bbox 1280 621 1359 685; x_wconf 89' lang='lat' dir='ltr'><strong>Cum</strong></span> <span class='ocrx_word' id='word_1_35' title='bbox 1383 623 1470 686; x_wconf 90' lang='lat' dir='ltr'><strong>enim</strong></span> 
     </span>
     <span class='ocr_line' id='line_1_5' title="bbox 183 727 1469 811; baseline 0.003 -21"><span class='ocrx_word' id='word_1_36' title='bbox 183 728 371 792; x_wconf 78' lang='lat' dir='ltr'><strong>Ammianus</strong></span> <span class='ocrx_word' id='word_1_37' title='bbox 395 732 498 791; x_wconf 88' lang='lat' dir='ltr'><strong>staret</strong></span> <span class='ocrx_word' id='word_1_38' title='bbox 522 748 541 790; x_wconf 92' lang='lat' dir='ltr'><strong>a</strong></span> <span class='ocrx_word' id='word_1_39' title='bbox 564 727 715 810; x_wconf 89' lang='lat' dir='ltr'><strong>partibus</strong></span> <span class='ocrx_word' id='word_1_40' title='bbox 740 727 970 806; x_wconf 86' lang='lat' dir='ltr'><strong>Romanorum,</strong></span> <span class='ocrx_word' id='word_1_41' title='bbox 996 729 1188 811; x_wconf 88' lang='lat' dir='ltr'><strong>pronomine</strong></span> <span class='ocrx_word' id='word_1_42' title='bbox 1204 735 1321 808; x_wconf 81' lang='lat' dir='ltr'><strong>noster,</strong></span> <span class='ocrx_word' id='word_1_43' title='bbox 1346 734 1469 794; x_wconf 89' lang='lat' dir='ltr'><strong>etcum</strong></span> 
     </span>
     <span class='ocr_line' id='line_1_6' title="bbox 183 834 1469 917; baseline 0.004 -21"><span class='ocrx_word' id='word_1_44' title='bbox 183 835 252 916; x_wconf 90' lang='lat' dir='ltr'><strong>ipse</strong></span> <span class='ocrx_word' id='word_1_45' title='bbox 284 836 458 899; x_wconf 81' lang='lat' dir='ltr'><strong>interesset</strong></span> <span class='ocrx_word' id='word_1_46' title='bbox 489 834 587 899; x_wconf 88' lang='lat' dir='ltr'><strong>rebus</strong></span> <span class='ocrx_word' id='word_1_47' title='bbox 619 835 737 917; x_wconf 85' lang='lat' dir='ltr'><strong>gestis,</strong></span> <span class='ocrx_word' id='word_1_48' title='bbox 773 855 865 916; x_wconf 90' lang='lat' dir='ltr'><strong>pron.</strong></span> <span class='ocrx_word' id='word_1_49' title='bbox 896 856 954 901; x_wconf 85' lang='lat' dir='ltr'><strong>nos</strong></span> <span class='ocrx_word' id='word_1_50' title='bbox 983 840 1114 917; x_wconf 88' lang='lat' dir='ltr'><strong>poterat</strong></span> <span class='ocrx_word' id='word_1_51' title='bbox 1145 836 1203 902; x_wconf 88' lang='lat' dir='ltr'><strong>uti.</strong></span> <span class='ocrx_word' id='word_1_52' title='bbox 1258 835 1329 901; x_wconf 90' lang='lat' dir='ltr'><strong>Hac</strong></span> <span class='ocrx_word' id='word_1_53' title='bbox 1358 844 1469 901; x_wconf 89' lang='lat' dir='ltr'><strong>autem</strong></span> 
     </span>
     <span class='ocr_line' id='line_1_7' title="bbox 183 941 1469 1025; baseline 0.003 -21"><span class='ocrx_word' id='word_1_54' title='bbox 183 941 347 1006; x_wconf 86' lang='lat' dir='ltr'><strong>narrantis</strong></span> <span class='ocrx_word' id='word_1_55' title='bbox 375 946 409 1005; x_wconf 89' lang='lat' dir='ltr'><strong>ct</strong></span> <span class='ocrx_word' id='word_1_56' title='bbox 440 941 606 1024; x_wconf 84' lang='lat' dir='ltr'><strong>agentium</strong></span> <span class='ocrx_word' id='word_1_57' title='bbox 637 961 852 1025; x_wconf 86' lang='lat' dir='ltr'><strong>personarum</strong></span> <span class='ocrx_word' id='word_1_58' title='bbox 882 941 1069 1007; x_wconf 91' lang='lat' dir='ltr'><strong>confusione</strong></span> <span class='ocrx_word' id='word_1_59' title='bbox 1102 942 1278 1023; x_wconf 89' lang='lat' dir='ltr'><strong>efficiebat,</strong></span> <span class='ocrx_word' id='word_1_60' title='bbox 1309 947 1362 1022; x_wconf 85' lang='lat' dir='ltr'><strong>ut,</strong></span> <span class='ocrx_word' id='word_1_61' title='bbox 1394 964 1469 1008; x_wconf 87' lang='lat' dir='ltr'><strong>cum</strong></span> 
     </span>
     <span class='ocr_line' id='line_1_8' title="bbox 182 1047 1470 1134; baseline 0.002 -23"><span class='ocrx_word' id='word_1_62' title='bbox 182 1050 250 1132; x_wconf 85' lang='lat' dir='ltr'><strong>ipse</strong></span> <span class='ocrx_word' id='word_1_63' title='bbox 274 1054 333 1114; x_wconf 89' lang='lat' dir='ltr'><strong>aut</strong></span> <span class='ocrx_word' id='word_1_64' title='bbox 356 1047 520 1134; x_wconf 86' lang='lat' dir='ltr'><strong>loquentis</strong></span> <span class='ocrx_word' id='word_1_65' title='bbox 543 1054 602 1113; x_wconf 90' lang='lat' dir='ltr'><strong>aut</strong></span> <span class='ocrx_word' id='word_1_66' title='bbox 625 1049 703 1130; x_wconf 91' lang='lat' dir='ltr'><strong>eius,</strong></span> <span class='ocrx_word' id='word_1_67' title='bbox 729 1048 771 1114; x_wconf 89' lang='lat' dir='ltr'><strong>ad</strong></span> <span class='ocrx_word' id='word_1_68' title='bbox 796 1070 892 1132; x_wconf 89' lang='lat' dir='ltr'><strong>quem</strong></span> <span class='ocrx_word' id='word_1_69' title='bbox 916 1050 1022 1113; x_wconf 90' lang='lat' dir='ltr'><strong>oratio</strong></span> <span class='ocrx_word' id='word_1_70' title='bbox 1046 1048 1197 1128; x_wconf 89' lang='lat' dir='ltr'><strong>habetur,</strong></span> <span class='ocrx_word' id='word_1_71' title='bbox 1224 1071 1407 1132; x_wconf 87' lang='lat' dir='ltr'><strong>personam,</strong></span> <span class='ocrx_word' id='word_1_72' title='bbox 1432 1056 1470 1114; x_wconf 91' lang='lat' dir='ltr'><strong>ut</strong></span> 
     </span>
     <span class='ocr_line' id='line_1_9' title="bbox 182 1155 1469 1240; baseline 0.002 -20"><span class='ocrx_word' id='word_1_73' title='bbox 182 1158 230 1221; x_wconf 91' lang='lat' dir='ltr'><strong>ita</strong></span> <span class='ocrx_word' id='word_1_74' title='bbox 261 1155 384 1236; x_wconf 90' lang='lat' dir='ltr'><strong>dicam,</strong></span> <span class='ocrx_word' id='word_1_75' title='bbox 416 1159 597 1239; x_wconf 89' lang='lat' dir='ltr'><strong>susciperet</strong></span> <span class='ocrx_word' id='word_1_76' title='bbox 620 1155 802 1233; x_wconf 90' lang='lat' dir='ltr'><strong>interdum,</strong></span> <span class='ocrx_word' id='word_1_77' title='bbox 832 1177 912 1240; x_wconf 87' lang='lat' dir='ltr'><strong>prae</strong></span> <span class='ocrx_word' id='word_1_78' title='bbox 936 1157 1053 1222; x_wconf 88' lang='lat' dir='ltr'><strong>ceteris</strong></span> <span class='ocrx_word' id='word_1_79' title='bbox 1077 1158 1128 1221; x_wconf 82' lang='lat' dir='ltr'><strong>vel</strong></span> <span class='ocrx_word' id='word_1_80' title='bbox 1152 1179 1226 1221; x_wconf 88' lang='lat' dir='ltr'><strong>cum</strong></span> <span class='ocrx_word' id='word_1_81' title='bbox 1250 1159 1367 1222; x_wconf 89' lang='lat' dir='ltr'><strong>ceteris</strong></span> <span class='ocrx_word' id='word_1_82' title='bbox 1392 1178 1469 1222; x_wconf 90' lang='lat' dir='ltr'><strong>con-</strong></span> 
     </span>
     <span class='ocr_line' id='line_1_10' title="bbox 183 1263 444 1348; baseline 0 -20"><span class='ocrx_word' id='word_1_83' title='bbox 183 1265 315 1348; x_wconf 89' lang='lat' dir='ltr'><strong>spicuus</strong></span> <span class='ocrx_word' id='word_1_84' title='bbox 339 1263 444 1330; x_wconf 88' lang='lat' dir='ltr'><strong>fieret.</strong></span> 
     </span>
    </p>
   </div>
   <div class='ocr_carea' id='block_1_3' title="bbox 807 1459 844 1532">
    <p class='ocr_par' dir='ltr' id='par_1_3' title="bbox 807 1459 844 1532">
     <span class='ocr_line' id='line_1_11' title="bbox 807 1459 844 1532; baseline -0.027 0"><span class='ocrx_word' id='word_1_85' title='bbox 807 1459 844 1532; x_wconf 89' lang='lat' dir='ltr'><strong>B.</strong></span> 
     </span>
    </p>
   </div>
   <div class='ocr_carea' id='block_1_4' title="bbox 181 1589 1466 1812">
    <p class='ocr_par' dir='ltr' id='par_1_4' title="bbox 181 1589 1466 1812">
     <span class='ocr_line' id='line_1_12' title="bbox 181 1589 1466 1689; baseline -0.002 -17"><span class='ocrx_word' id='word_1_86' title='bbox 181 1606 237 1673; x_wconf 87' lang='lat' dir='ltr'><strong>De</strong></span> <span class='ocrx_word' id='word_1_87' title='bbox 249 1607 545 1689; x_wconf 88' lang='lat' dir='ltr'><strong>pronominibus</strong></span> <span class='ocrx_word' id='word_1_88' title='bbox 558 1589 835 1689; x_wconf 81' lang='lat' dir='ltr'><strong>personalibus</strong></span> <span class='ocrx_word' id='word_1_89' title='bbox 850 1609 889 1672; x_wconf 85' lang='lat' dir='ltr'><strong>et</strong></span> <span class='ocrx_word' id='word_1_90' title='bbox 901 1607 1145 1688; x_wconf 83' lang='lat' dir='ltr'><strong>possessivis</strong></span> <span class='ocrx_word' id='word_1_91' title='bbox 1158 1606 1241 1671; x_wconf 89' lang='lat' dir='ltr'><strong>eius</strong></span> <span class='ocrx_word' id='word_1_92' title='bbox 1254 1623 1466 1687; x_wconf 89' lang='lat' dir='ltr'><strong>personam</strong></span> 
     </span>
     <span class='ocr_line' id='line_1_13' title="bbox 247 1731 1390 1812; baseline -0.003 -16"><span class='ocrx_word' id='word_1_93' title='bbox 247 1733 522 1806; x_wconf 83' lang='lat' dir='ltr'><strong>indicantibus,</strong></span> <span class='ocrx_word' id='word_1_94' title='bbox 556 1733 665 1797; x_wconf 88' lang='lat' dir='ltr'><strong>cuius</strong></span> <span class='ocrx_word' id='word_1_95' title='bbox 698 1731 920 1797; x_wconf 84' lang='lat' dir='ltr'><strong>referuntur</strong></span> <span class='ocrx_word' id='word_1_96' title='bbox 953 1732 1077 1798; x_wconf 90' lang='lat' dir='ltr'><strong>verba</strong></span> <span class='ocrx_word' id='word_1_97' title='bbox 1107 1732 1170 1796; x_wconf 90' lang='lat' dir='ltr'><strong>vel</strong></span> <span class='ocrx_word' id='word_1_98' title='bbox 1203 1732 1390 1812; x_wconf 85' lang='lat' dir='ltr'><strong>cogitata.</strong></span> 
     </span>
    </p>
   </div>
   <div class='ocr_carea' id='block_1_5' title="bbox 273 1908 959 1993">
    <p class='ocr_par' dir='ltr' id='par_1_5' title="bbox 273 1908 959 1993">
     <span class='ocr_line' id='line_1_14' title="bbox 273 1908 959 1993; baseline -0.004 -18"><span class='ocrx_word' id='word_1_99' title='bbox 273 1909 443 1993; x_wconf 86' lang='lat' dir='ltr'><strong>Significat</strong></span> <span class='ocrx_word' id='word_1_100' title='bbox 468 1910 655 1974; x_wconf 82' lang='lat' dir='ltr'><strong>Ammianus</strong></span> <span class='ocrx_word' id='word_1_101' title='bbox 679 1908 764 1972; x_wconf 89' lang='lat' dir='ltr'><strong>hanc</strong></span> <span class='ocrx_word' id='word_1_102' title='bbox 788 1929 959 1991; x_wconf 87' lang='lat' dir='ltr'><strong>personam</strong></span> 
     </span>
    </p>
   </div>
   <div class='ocr_carea' id='block_1_6' title="bbox 564 2078 1093 2166">
    <p class='ocr_par' dir='ltr' id='par_1_6' title="bbox 564 2078 1093 2166">
     <span class='ocr_line' id='line_1_15' title="bbox 564 2078 1093 2166; baseline 0 -18"><span class='ocrx_word' id='word_1_103' title='bbox 564 2081 586 2148; x_wconf 94' lang='grc' dir='ltr'><strong>Ι.</strong></span> <span class='ocrx_word' id='word_1_104' title='bbox 612 2078 860 2166; x_wconf 75' lang='lat' dir='ltr'><strong>pronominibus</strong></span> <span class='ocrx_word' id='word_1_105' title='bbox 885 2079 937 2148; x_wconf 85' lang='lat' dir='ltr'><strong>sui</strong></span> <span class='ocrx_word' id='word_1_106' title='bbox 965 2078 1028 2149; x_wconf 86' lang='lat' dir='ltr'><strong>sibi</strong></span> <span class='ocrx_word' id='word_1_107' title='bbox 1054 2097 1093 2148; x_wconf 88' lang='lat' dir='ltr'><strong>so</strong></span> 
     </span>
    </p>
   </div>
   <div class='ocr_carea' id='block_1_7' title="bbox 181 2210 1510 4214">
    <p class='ocr_par' dir='ltr' id='par_1_7' title="bbox 181 2210 1510 4214">
     <span class='ocr_line' id='line_1_16' title="bbox 181 2210 1467 2298; baseline -0.002 -21"><span class='ocrx_word' id='word_1_108' title='bbox 181 2220 214 2278; x_wconf 90' lang='lat' dir='ltr'><strong>et</strong></span> <span class='ocrx_word' id='word_1_109' title='bbox 237 2214 418 2297; x_wconf 89' lang='lat' dir='ltr'><strong>possessivo</strong></span> <span class='ocrx_word' id='word_1_110' title='bbox 441 2211 565 2298; x_wconf 82' lang='lat' dir='ltr'><strong>suas¹),</strong></span> <span class='ocrx_word' id='word_1_111' title='bbox 589 2219 626 2276; x_wconf 91' lang='lat' dir='ltr'><strong>ut</strong></span> <span class='ocrx_word' id='word_1_112' title='bbox 649 2233 760 2277; x_wconf 89' lang='lat' dir='ltr'><strong>omnes</strong></span> <span class='ocrx_word' id='word_1_113' title='bbox 784 2213 969 2296; x_wconf 90' lang='lat' dir='ltr'><strong>scriptores.</strong></span> <span class='ocrx_word' id='word_1_114' title='bbox 1004 2210 1139 2275; x_wconf 92' lang='lat' dir='ltr'><strong>Omissis</strong></span> <span class='ocrx_word' id='word_1_115' title='bbox 1157 2212 1196 2276; x_wconf 94' lang='lat' dir='ltr'><strong>iis</strong></span> <span class='ocrx_word' id='word_1_116' title='bbox 1221 2213 1409 2287; x_wconf 87' lang='lat' dir='ltr'><strong>enuntiatis,</strong></span> <span class='ocrx_word' id='word_1_117' title='bbox 1434 2213 1467 2275; x_wconf 92' lang='lat' dir='ltr'><strong>in</strong></span> 
     </span>
     <span class='ocr_line' id='line_1_17' title="bbox 182 2317 1469 2403; baseline 0 -20"><span class='ocrx_word' id='word_1_118' title='bbox 182 2319 301 2403; x_wconf 91' lang='lat' dir='ltr'><strong>quibus</strong></span> <span class='ocrx_word' id='word_1_119' title='bbox 324 2320 406 2385; x_wconf 87' lang='lat' dir='ltr'><strong>haec</strong></span> <span class='ocrx_word' id='word_1_120' title='bbox 434 2320 644 2403; x_wconf 75' lang='lat' dir='ltr'><strong>pronomina,</strong></span> <span class='ocrx_word' id='word_1_121' title='bbox 677 2341 750 2384; x_wconf 89' lang='lat' dir='ltr'><strong>oum</strong></span> <span class='ocrx_word' id='word_1_122' title='bbox 782 2319 969 2385; x_wconf 80' lang='lat' dir='ltr'><strong>referantur</strong></span> <span class='ocrx_word' id='word_1_123' title='bbox 999 2317 1042 2383; x_wconf 91' lang='lat' dir='ltr'><strong>ad</strong></span> <span class='ocrx_word' id='word_1_124' title='bbox 1073 2317 1254 2383; x_wconf 89' lang='lat' dir='ltr'><strong>subiectum</strong></span> <span class='ocrx_word' id='word_1_125' title='bbox 1286 2319 1336 2383; x_wconf 86' lang='lat' dir='ltr'><strong>vel</strong></span> <span class='ocrx_word' id='word_1_126' title='bbox 1368 2319 1469 2383; x_wconf 90' lang='lat' dir='ltr'><strong>alium</strong></span> 
     </span>
     <span class='ocr_line' id='line_1_18' title="bbox 182 2426 1468 2511; baseline -0.001 -19"><span class='ocrx_word' id='word_1_127' title='bbox 182 2450 294 2492; x_wconf 88' lang='lat' dir='ltr'><strong>casum</strong></span> <span class='ocrx_word' id='word_1_128' title='bbox 317 2428 461 2493; x_wconf 89' lang='lat' dir='ltr'><strong>eiusdem</strong></span> <span class='ocrx_word' id='word_1_129' title='bbox 485 2428 682 2506; x_wconf 86' lang='lat' dir='ltr'><strong>sententiae,</strong></span> <span class='ocrx_word' id='word_1_130' title='bbox 715 2426 896 2510; x_wconf 86' lang='lat' dir='ltr'><strong>quamlibet</strong></span> <span class='ocrx_word' id='word_1_131' title='bbox 919 2447 1091 2510; x_wconf 90' lang='lat' dir='ltr'><strong>personam</strong></span> <span class='ocrx_word' id='word_1_132' title='bbox 1116 2427 1297 2510; x_wconf 88' lang='lat' dir='ltr'><strong>exprimere</strong></span> <span class='ocrx_word' id='word_1_133' title='bbox 1322 2432 1468 2511; x_wconf 90' lang='lat' dir='ltr'><strong>possunt,</strong></span> 
     </span>
     <span class='ocr_line' id='line_1_19' title="bbox 184 2532 1469 2617; baseline 0 -19"><span class='ocrx_word' id='word_1_134' title='bbox 184 2574 225 2582; x_wconf 92' lang='lat'><strong>—-</strong></span> <span class='ocrx_word' id='word_1_135' title='bbox 249 2532 421 2599; x_wconf 87' lang='lat' dir='ltr'><strong>nonenim</strong></span> <span class='ocrx_word' id='word_1_136' title='bbox 446 2534 510 2599; x_wconf 89' lang='lat' dir='ltr'><strong>hue</strong></span> <span class='ocrx_word' id='word_1_137' title='bbox 532 2535 698 2617; x_wconf 87' lang='lat' dir='ltr'><strong>pertinent</strong></span> <span class='ocrx_word' id='word_1_138' title='bbox 722 2534 778 2598; x_wconf 89' lang='lat' dir='ltr'><strong>illa</strong></span> <span class='ocrx_word' id='word_1_139' title='bbox 804 2534 1063 2598; x_wconf 89' lang='lat' dir='ltr'><strong>enuntiationum</strong></span> <span class='ocrx_word' id='word_1_140' title='bbox 1089 2554 1208 2616; x_wconf 80' lang='lat' dir='ltr'><strong>genera</strong></span> <span class='ocrx_word' id='word_1_141' title='bbox 1235 2571 1276 2582; x_wconf 85' lang='lat'>—</span> <span class='ocrx_word' id='word_1_142' title='bbox 1301 2556 1341 2598; x_wconf 91' lang='lat' dir='ltr'><strong>ea</strong></span> <span class='ocrx_word' id='word_1_143' title='bbox 1371 2534 1469 2599; x_wconf 89' lang='lat' dir='ltr'><strong>liceat</strong></span> 
     </span>
     <span class='ocr_line' id='line_1_20' title="bbox 182 2641 1170 2725; baseline 0 -20"><span class='ocrx_word' id='word_1_144' title='bbox 182 2642 371 2707; x_wconf 87' lang='lat' dir='ltr'><strong>brevissime</strong></span> <span class='ocrx_word' id='word_1_145' title='bbox 395 2641 552 2725; x_wconf 86' lang='lat' dir='ltr'><strong>proferre,</strong></span> <span class='ocrx_word' id='word_1_146' title='bbox 578 2643 611 2706; x_wconf 93' lang='lat' dir='ltr'><strong>in</strong></span> <span class='ocrx_word' id='word_1_147' title='bbox 636 2641 754 2724; x_wconf 90' lang='lat' dir='ltr'><strong>quibus</strong></span> <span class='ocrx_word' id='word_1_148' title='bbox 778 2641 836 2706; x_wconf 90' lang='lat' dir='ltr'><strong>illa</strong></span> <span class='ocrx_word' id='word_1_149' title='bbox 859 2642 1053 2723; x_wconf 89' lang='lat' dir='ltr'><strong>pronomina</strong></span> <span class='ocrx_word' id='word_1_150' title='bbox 1076 2648 1170 2705; x_wconf 89' lang='lat' dir='ltr'><strong>suut:</strong></span> 
     </span>
     <span class='ocr_line' id='line_1_21' title="bbox 282 2747 1466 2836; baseline 0.001 -24"><span class='ocrx_word' id='word_1_151' title='bbox 282 2749 316 2836; x_wconf 90' lang='lat' dir='ltr'><strong>a)</strong></span> <span class='ocrx_word' id='word_1_152' title='bbox 341 2749 475 2814; x_wconf 79' lang='lat' dir='ltr'><strong>subiecti</strong></span> <span class='ocrx_word' id='word_1_153' title='bbox 497 2747 568 2812; x_wconf 90' lang='lat' dir='ltr'><strong>loeo</strong></span> <span class='ocrx_word' id='word_1_154' title='bbox 589 2749 622 2811; x_wconf 92' lang='lat' dir='ltr'><strong>in</strong></span> <span class='ocrx_word' id='word_1_155' title='bbox 641 2748 810 2812; x_wconf 90' lang='lat' dir='ltr'><strong>enuntiato</strong></span> <span class='ocrx_word' id='word_1_156' title='bbox 826 2749 987 2814; x_wconf 88' lang='lat' dir='ltr'><strong>infinitivo</strong></span> <span class='ocrx_word' id='word_1_157' title='bbox 1003 2749 1098 2814; x_wconf 88' lang='lat' dir='ltr'><strong>relati</strong></span> <span class='ocrx_word' id='word_1_158' title='bbox 1116 2749 1158 2812; x_wconf 89' lang='lat' dir='ltr'><strong>ad</strong></span> <span class='ocrx_word' id='word_1_159' title='bbox 1175 2748 1357 2813; x_wconf 88' lang='lat' dir='ltr'><strong>subiectum</strong></span> <span class='ocrx_word' id='word_1_160' title='bbox 1375 2750 1466 2813; x_wconf 87' lang='lat' dir='ltr'><strong>verbi</strong></span> 
     </span>
     <span class='ocr_line' id='line_1_22' title="bbox 343 2855 804 2935; baseline 0.002 -15"><span class='ocrx_word' id='word_1_161' title='bbox 343 2856 472 2920; x_wconf 90' lang='lat' dir='ltr'><strong>dicendi</strong></span> <span class='ocrx_word' id='word_1_162' title='bbox 497 2855 546 2920; x_wconf 88' lang='lat' dir='ltr'><strong>vel</strong></span> <span class='ocrx_word' id='word_1_163' title='bbox 569 2856 740 2935; x_wconf 87' lang='lat' dir='ltr'><strong>sentiendi,</strong></span> <span class='ocrx_word' id='word_1_164' title='bbox 766 2864 804 2921; x_wconf 88' lang='lat' dir='ltr'><strong>ut</strong></span> 
     </span>
     <span class='ocr_line' id='line_1_23' title="bbox 183 2963 1252 3047; baseline -0.001 -18"><span class='ocrx_word' id='word_1_165' title='bbox 183 2965 251 3043; x_wconf 87' lang='lat' dir='ltr'><strong>XV,</strong></span> <span class='ocrx_word' id='word_1_166' title='bbox 279 2970 308 3044; x_wconf 87' lang='lat'><strong>5,</strong></span> <span class='ocrx_word' id='word_1_167' title='bbox 334 2971 368 3029; x_wconf 80' lang='lat'><strong>7:</strong></span> <span class='ocrx_word' id='word_1_168' title='bbox 393 2963 590 3044; x_wconf 87' lang='lat' dir='ltr'><strong>testabatur,</strong></span> <span class='ocrx_word' id='word_1_169' title='bbox 614 2963 649 3028; x_wconf 91' lang='lat' dir='ltr'><strong>id</strong></span> <span class='ocrx_word' id='word_1_170' title='bbox 672 2986 705 3030; x_wconf 86' lang='lat' dir='ltr'><strong>se</strong></span> <span class='ocrx_word' id='word_1_171' title='bbox 729 2963 844 3047; x_wconf 90' lang='lat' dir='ltr'><strong>procul</strong></span> <span class='ocrx_word' id='word_1_172' title='bbox 869 2963 968 3029; x_wconf 91' lang='lat' dir='ltr'><strong>dubio</strong></span> <span class='ocrx_word' id='word_1_173' title='bbox 993 2964 1092 3044; x_wconf 88' lang='lat' dir='ltr'><strong>scire;</strong></span> <span class='ocrx_word' id='word_1_174' title='bbox 1118 2964 1252 3047; x_wconf 90' lang='lat' dir='ltr'><strong>passim.</strong></span> 
     </span>
     <span class='ocr_line' id='line_1_24' title="bbox 279 3070 1468 3159; baseline 0 -23"><span class='ocrx_word' id='word_1_175' title='bbox 279 3072 316 3159; x_wconf 90' lang='lat' dir='ltr'><strong>b)</strong></span> <span class='ocrx_word' id='word_1_176' title='bbox 342 3073 454 3138; x_wconf 82' lang='lat' dir='ltr'><strong>obiecti</strong></span> <span class='ocrx_word' id='word_1_177' title='bbox 477 3071 550 3136; x_wconf 92' lang='lat' dir='ltr'><strong>loco</strong></span> <span class='ocrx_word' id='word_1_178' title='bbox 574 3073 609 3136; x_wconf 91' lang='lat' dir='ltr'><strong>in</strong></span> <span class='ocrx_word' id='word_1_179' title='bbox 634 3073 747 3155; x_wconf 93' lang='lat' dir='ltr'><strong>quovis</strong></span> <span class='ocrx_word' id='word_1_180' title='bbox 771 3073 952 3149; x_wconf 90' lang='lat' dir='ltr'><strong>enuntiato,</strong></span> <span class='ocrx_word' id='word_1_181' title='bbox 977 3074 1004 3136; x_wconf 91' lang='lat' dir='ltr'><strong>si</strong></span> <span class='ocrx_word' id='word_1_182' title='bbox 1028 3071 1062 3135; x_wconf 94' lang='lat' dir='ltr'><strong>id</strong></span> <span class='ocrx_word' id='word_1_183' title='bbox 1079 3078 1208 3155; x_wconf 90' lang='lat' dir='ltr'><strong>spectat</strong></span> <span class='ocrx_word' id='word_1_184' title='bbox 1225 3070 1267 3138; x_wconf 88' lang='lat' dir='ltr'><strong>ad</strong></span> <span class='ocrx_word' id='word_1_185' title='bbox 1284 3071 1468 3137; x_wconf 91' lang='lat' dir='ltr'><strong>subiectum</strong></span> 
     </span>
     <span class='ocr_line' id='line_1_25' title="bbox 342 3178 1055 3259; baseline 0 -15"><span class='ocrx_word' id='word_1_186' title='bbox 342 3179 433 3244; x_wconf 88' lang='lat' dir='ltr'><strong>verbi</strong></span> <span class='ocrx_word' id='word_1_187' title='bbox 458 3178 588 3244; x_wconf 92' lang='lat' dir='ltr'><strong>dicendi</strong></span> <span class='ocrx_word' id='word_1_188' title='bbox 613 3180 663 3244; x_wconf 91' lang='lat' dir='ltr'><strong>vel</strong></span> <span class='ocrx_word' id='word_1_189' title='bbox 687 3179 860 3259; x_wconf 89' lang='lat' dir='ltr'><strong>sentiendi,</strong></span> <span class='ocrx_word' id='word_1_190' title='bbox 886 3180 974 3244; x_wconf 90' lang='lat' dir='ltr'><strong>velut</strong></span> <span class='ocrx_word' id='word_1_191' title='bbox 1050 3196 1055 3204; x_wconf 90' lang='grc'><strong>’</strong></span> 
     </span>
     <span class='ocr_line' id='line_1_26' title="bbox 183 3286 1469 3371; baseline 0 -20"><span class='ocrx_word' id='word_1_192' title='bbox 183 3286 269 3365; x_wconf 89' lang='lat' dir='ltr'><strong>XVI,</strong></span> <span class='ocrx_word' id='word_1_193' title='bbox 305 3291 354 3364; x_wconf 87' lang='lat'><strong>10,</strong></span> <span class='ocrx_word' id='word_1_194' title='bbox 390 3291 443 3349; x_wconf 81' lang='lat'><strong>16:</strong></span> <span class='ocrx_word' id='word_1_195' title='bbox 482 3286 516 3350; x_wconf 91' lang='lat' dir='ltr'><strong>id</strong></span> <span class='ocrx_word' id='word_1_196' title='bbox 539 3292 667 3351; x_wconf 90' lang='lat' dir='ltr'><strong>tantum</strong></span> <span class='ocrx_word' id='word_1_197' title='bbox 690 3288 754 3353; x_wconf 82' lang='lat' dir='ltr'><strong>sibi</strong></span> <span class='ocrx_word' id='word_1_198' title='bbox 775 3287 937 3370; x_wconf 86' lang='lat' dir='ltr'><strong>placuisse</strong></span> <span class='ocrx_word' id='word_1_199' title='bbox 961 3286 1088 3366; x_wconf 89' lang='lat' dir='ltr'><strong>aiebat,</strong></span> <span class='ocrx_word' id='word_1_200' title='bbox 1120 3287 1207 3371; x_wconf 90' lang='lat' dir='ltr'><strong>quod</strong></span> <span class='ocrx_word' id='word_1_201' title='bbox 1232 3287 1400 3353; x_wconf 84' lang='lat' dir='ltr'><strong>didicisset</strong></span> <span class='ocrx_word' id='word_1_202' title='bbox 1423 3287 1469 3352; x_wconf 92' lang='lat' dir='ltr'><strong>ibi</strong></span> 
     </span>
     <span class='ocr_line' id='line_1_27' title="bbox 343 3392 761 3475; baseline 0.002 -19"><span class='ocrx_word' id='word_1_203' title='bbox 343 3413 473 3475; x_wconf 88' lang='lat' dir='ltr'><strong>quoque</strong></span> <span class='ocrx_word' id='word_1_204' title='bbox 497 3392 644 3457; x_wconf 90' lang='lat' dir='ltr'><strong>homines</strong></span> <span class='ocrx_word' id='word_1_205' title='bbox 668 3394 761 3458; x_wconf 91' lang='lat' dir='ltr'><strong>mori.</strong></span> 
     </span>
     <span class='ocr_line' id='line_1_28' title="bbox 183 3500 1470 3586; baseline 0.005 -22"><span class='ocrx_word' id='word_1_206' title='bbox 183 3500 299 3579; x_wconf 86' lang='lat' dir='ltr'>XXVI,</span> <span class='ocrx_word' id='word_1_207' title='bbox 326 3505 355 3579; x_wconf 81' lang='lat'><strong>7,</strong></span> <span class='ocrx_word' id='word_1_208' title='bbox 381 3505 414 3564; x_wconf 85' lang='lat'><strong>9:</strong></span> <span class='ocrx_word' id='word_1_209' title='bbox 439 3501 587 3565; x_wconf 82' lang='lat' dir='ltr'><strong>iuravere</strong></span> <span class='ocrx_word' id='word_1_210' title='bbox 605 3551 611 3565; x_wconf 93' lang='lat'>.</span> <span class='ocrx_word' id='word_1_211' title='bbox 630 3551 637 3564; x_wconf 86' lang='lat'><strong>.</strong></span> <span class='ocrx_word' id='word_1_212' title='bbox 656 3552 662 3566; x_wconf 93' lang='lat'>.</span> <span class='ocrx_word' id='word_1_213' title='bbox 679 3500 764 3568; x_wconf 91' lang='lat' dir='ltr'><strong>hanc</strong></span> <span class='ocrx_word' id='word_1_214' title='bbox 780 3501 918 3584; x_wconf 91' lang='lat' dir='ltr'><strong>polliciti</strong></span> <span class='ocrx_word' id='word_1_215' title='bbox 940 3502 1165 3585; x_wconf 83' lang='lat' dir='ltr'><strong>pertinaciam,</strong></span> <span class='ocrx_word' id='word_1_216' title='bbox 1192 3503 1280 3586; x_wconf 90' lang='lat' dir='ltr'><strong>quod</strong></span> <span class='ocrx_word' id='word_1_217' title='bbox 1305 3524 1379 3567; x_wconf 89' lang='lat' dir='ltr'><strong>eum</strong></span> <span class='ocrx_word' id='word_1_218' title='bbox 1401 3505 1470 3570; x_wconf 80' lang='lat' dir='ltr'><strong>sais</strong></span> 
     </span>
     <span class='ocr_line' id='line_1_29' title="bbox 343 3607 1444 3695; baseline 0.004 -23"><span class='ocrx_word' id='word_1_219' title='bbox 343 3609 459 3673; x_wconf 89' lang='lat' dir='ltr'><strong>animis</strong></span> <span class='ocrx_word' id='word_1_220' title='bbox 484 3607 717 3689; x_wconf 80' lang='lat' dir='ltr'><strong>defensabunt3</strong></span> <span class='ocrx_word' id='word_1_221' title='bbox 744 3609 892 3693; x_wconf 88' lang='lat' dir='ltr'><strong>exempla</strong></span> <span class='ocrx_word' id='word_1_222' title='bbox 915 3609 1057 3692; x_wconf 92' lang='lat' dir='ltr'><strong>plurima</strong></span> <span class='ocrx_word' id='word_1_223' title='bbox 1080 3611 1202 3695; x_wconf 90' lang='lat' dir='ltr'><strong>passim</strong></span> <span class='ocrx_word' id='word_1_224' title='bbox 1226 3612 1444 3677; x_wconf 83' lang='lat' dir='ltr'><strong>inveniuntur.</strong></span> 
     </span>
     <span class='ocr_line' id='line_1_30' title="bbox 272 3716 1468 3802; baseline 0.001 -21"><span class='ocrx_word' id='word_1_225' title='bbox 272 3717 360 3781; x_wconf 79' lang='lat' dir='ltr'><strong>Aac.</strong></span> <span class='ocrx_word' id='word_1_226' title='bbox 391 3716 481 3795; x_wconf 83' lang='lat' dir='ltr'><strong>Eius,</strong></span> <span class='ocrx_word' id='word_1_227' title='bbox 499 3737 597 3801; x_wconf 89' lang='lat' dir='ltr'><strong>quam</strong></span> <span class='ocrx_word' id='word_1_228' title='bbox 613 3716 852 3782; x_wconf 86' lang='lat' dir='ltr'><strong>Anderssonius</strong></span> <span class='ocrx_word' id='word_1_229' title='bbox 868 3740 899 3801; x_wconf 86' lang='lat' dir='ltr'><strong>p.</strong></span> <span class='ocrx_word' id='word_1_230' title='bbox 918 3723 959 3784; x_wconf 76' lang='lat'><strong>24</strong></span> <span class='ocrx_word' id='word_1_231' title='bbox 975 3725 1218 3797; x_wconf 85' lang='lat' dir='ltr'><strong>commemorat,</strong></span> <span class='ocrx_word' id='word_1_232' title='bbox 1242 3719 1468 3802; x_wconf 77' lang='lat' dir='ltr'><strong>ambiguitatis</strong></span> 
     </span>
     <span class='ocr_line' id='line_1_31' title="bbox 184 3812 1510 3911; baseline 0.002 -23"><span class='ocrx_word' id='word_1_233' title='bbox 184 3846 223 3888; x_wconf 88' lang='lat' dir='ltr'><strong>ex</strong></span> <span class='ocrx_word' id='word_1_234' title='bbox 246 3844 279 3888; x_wconf 88' lang='lat' dir='ltr'><strong>sc</strong></span> <span class='ocrx_word' id='word_1_235' title='bbox 301 3825 492 3907; x_wconf 89' lang='lat' dir='ltr'><strong>pronomine</strong></span> <span class='ocrx_word' id='word_1_236' title='bbox 517 3824 692 3904; x_wconf 87' lang='lat' dir='ltr'><strong>oriundae,</strong></span> <span class='ocrx_word' id='word_1_237' title='bbox 726 3847 797 3889; x_wconf 88' lang='lat' dir='ltr'><strong>cum</strong></span> <span class='ocrx_word' id='word_1_238' title='bbox 828 3827 989 3890; x_wconf 88' lang='lat' dir='ltr'><strong>incertum</strong></span> <span class='ocrx_word' id='word_1_239' title='bbox 1017 3827 1068 3905; x_wconf 91' lang='lat' dir='ltr'><strong>sit,</strong></span> <span class='ocrx_word' id='word_1_240' title='bbox 1095 3849 1159 3911; x_wconf 91' lang='lat' dir='ltr'><strong>quo</strong></span> <span class='ocrx_word' id='word_1_241' title='bbox 1185 3825 1391 3892; x_wconf 87' lang='lat' dir='ltr'><strong>referendum</strong></span> <span class='ocrx_word' id='word_1_242' title='bbox 1416 3827 1468 3906; x_wconf 79' lang='lat' dir='ltr'><strong>sit,</strong></span> <span class='ocrx_word' id='word_1_243' title='bbox 1500 3812 1510 3829; x_wconf 67' lang='lat'>⁵</span> 
     </span>
     <span class='ocr_line' id='line_1_32' title="bbox 183 3931 1471 4016; baseline 0.002 -22"><span class='ocrx_word' id='word_1_244' title='bbox 183 3939 275 3996; x_wconf 84' lang='lat' dir='ltr'><strong>extat</strong></span> <span class='ocrx_word' id='word_1_245' title='bbox 298 3931 480 4015; x_wconf 87' lang='lat' dir='ltr'><strong>exemplum</strong></span> <span class='ocrx_word' id='word_1_246' title='bbox 504 3933 621 4012; x_wconf 87' lang='lat' dir='ltr'>XXIX,</span> <span class='ocrx_word' id='word_1_247' title='bbox 648 3939 677 4012; x_wconf 81' lang='lat'><strong>5,</strong></span> <span class='ocrx_word' id='word_1_248' title='bbox 705 3938 761 3998; x_wconf 80' lang='lat'><strong>51:</strong></span> <span class='ocrx_word' id='word_1_249' title='bbox 803 3933 953 4015; x_wconf 83' lang='lat' dir='ltr'><strong>Igmazen</strong></span> <span class='ocrx_word' id='word_1_250' title='bbox 978 3972 991 3980; x_wconf 96' lang='lat'>-</span> <span class='ocrx_word' id='word_1_251' title='bbox 1014 3973 1026 3981; x_wconf 94' lang='lat'><em>-</em></span> <span class='ocrx_word' id='word_1_252' title='bbox 1052 3933 1269 3997; x_wconf 83' lang='lat' dir='ltr'><strong>Theodosium</strong></span> <span class='ocrx_word' id='word_1_253' title='bbox 1301 3935 1400 4016; x_wconf 90' lang='lat' dir='ltr'><strong>petit,</strong></span> <span class='ocrx_word' id='word_1_254' title='bbox 1433 3941 1471 3997; x_wconf 90' lang='lat' dir='ltr'><strong>ut</strong></span> 
     </span>
     <span class='ocr_line' id='line_1_33' title="bbox 184 4039 1468 4124; baseline 0.002 -22"><span class='ocrx_word' id='word_1_255' title='bbox 184 4040 345 4104; x_wconf 88' lang='lat' dir='ltr'><strong>Masillam</strong></span> <span class='ocrx_word' id='word_1_256' title='bbox 370 4039 528 4106; x_wconf 85' lang='lat' dir='ltr'><strong>Mazicum</strong></span> <span class='ocrx_word' id='word_1_257' title='bbox 555 4042 745 4124; x_wconf 90' lang='lat' dir='ltr'><strong>optimatem</strong></span> <span class='ocrx_word' id='word_1_258' title='bbox 769 4039 812 4106; x_wconf 89' lang='lat' dir='ltr'><strong>ad</strong></span> <span class='ocrx_word' id='word_1_259' title='bbox 836 4062 869 4104; x_wconf 86' lang='lat' dir='ltr'><strong>se</strong></span> <span class='ocrx_word' id='word_1_260' title='bbox 894 4042 1002 4104; x_wconf 89' lang='lat' dir='ltr'><strong>venire</strong></span> <span class='ocrx_word' id='word_1_261' title='bbox 1026 4041 1163 4104; x_wconf 86' lang='lat' dir='ltr'><strong>iuberet.</strong></span> <span class='ocrx_word' id='word_1_262' title='bbox 1211 4041 1374 4107; x_wconf 78' lang='lat' dir='ltr'><strong>Contenta</strong></span> <span class='ocrx_word' id='word_1_263' title='bbox 1399 4041 1468 4106; x_wconf 87' lang='lat' dir='ltr'><strong>solo</strong></span> 
     </span>
     <span class='ocr_line' id='line_1_34' title="bbox 183 4148 713 4214; baseline 0.006 -3"><span class='ocrx_word' id='word_1_264' title='bbox 183 4169 293 4211; x_wconf 88' lang='lat' dir='ltr'><strong>rernm</strong></span> <span class='ocrx_word' id='word_1_265' title='bbox 317 4149 479 4212; x_wconf 91' lang='lat' dir='ltr'><strong>sententia</strong></span> <span class='ocrx_word' id='word_1_266' title='bbox 504 4148 713 4214; x_wconf 90' lang='lat' dir='ltr'><strong>diiudicatur.</strong></span> 
     </span>
    </p>
   </div>
   <div class='ocr_carea' id='block_1_8' title="bbox 220 4311 1467 4470">
    <p class='ocr_par' dir='ltr' id='par_1_8' title="bbox 220 4311 1467 4470">
     <span class='ocr_line' id='line_1_35' title="bbox 220 4311 1467 4380; baseline 0.002 -18"><span class='ocrx_word' id='word_1_267' title='bbox 220 4311 241 4380; x_wconf 89' lang='lat'><strong>¹)</strong></span> <span class='ocrx_word' id='word_1_268' title='bbox 258 4314 290 4363; x_wconf 82' lang='lat' dir='ltr'><strong>ci.</strong></span> <span class='ocrx_word' id='word_1_269' title='bbox 319 4315 351 4362; x_wconf 89' lang='lat' dir='ltr'><strong>de</strong></span> <span class='ocrx_word' id='word_1_270' title='bbox 379 4314 430 4363; x_wconf 85' lang='lat' dir='ltr'><strong>huc</strong></span> <span class='ocrx_word' id='word_1_271' title='bbox 459 4330 485 4362; x_wconf 89' lang='lat' dir='ltr'><strong>re</strong></span> <span class='ocrx_word' id='word_1_272' title='bbox 516 4314 641 4376; x_wconf 68' lang='lat' dir='ltr'><strong>Kthner,</strong></span> <span class='ocrx_word' id='word_1_273' title='bbox 671 4313 848 4363; x_wconf 78' lang='lat' dir='ltr'><strong>ansfuhrliche</strong></span> <span class='ocrx_word' id='word_1_274' title='bbox 877 4313 1038 4362; x_wconf 85' lang='lat' dir='ltr'><strong>Grammatik</strong></span> <span class='ocrx_word' id='word_1_275' title='bbox 1069 4311 1115 4360; x_wconf 84' lang='lat' dir='ltr'><strong>der</strong></span> <span class='ocrx_word' id='word_1_276' title='bbox 1142 4313 1313 4364; x_wconf 78' lang='lat' dir='ltr'><strong>lateinisches</strong></span> <span class='ocrx_word' id='word_1_277' title='bbox 1343 4315 1467 4380; x_wconf 86' lang='lat' dir='ltr'><strong>Sprache,</strong></span> 
     </span>
     <span class='ocr_line' id='line_1_36' title="bbox 255 4403 731 4470; baseline 0.004 -16"><span class='ocrx_word' id='word_1_278' title='bbox 255 4407 398 4456; x_wconf 83' lang='lat' dir='ltr'><strong>llannover</strong></span> <span class='ocrx_word' id='word_1_279' title='bbox 420 4405 531 4469; x_wconf 72' lang='lat' dir='ltr'><strong>1877l79,</strong></span> <span class='ocrx_word' id='word_1_280' title='bbox 554 4407 585 4468; x_wconf 88' lang='lat' dir='ltr'><strong>ll,</strong></span> <span class='ocrx_word' id='word_1_281' title='bbox 606 4403 623 4470; x_wconf 66' lang='grc' dir='ltr'>ξ</span> <span class='ocrx_word' id='word_1_282' title='bbox 644 4418 688 4468; x_wconf 87' lang='lat'><strong>117,</strong></span> <span class='ocrx_word' id='word_1_283' title='bbox 709 4419 731 4469; x_wconf 90' lang='lat'><strong>7.</strong></span> 
     </span>
    </p>
   </div>
   <div class='ocr_carea' id='block_1_9' title="bbox 0 0 1648 4918">
    <p class='ocr_par' dir='ltr' id='par_1_9' title="bbox 0 0 1648 4918">
     <span class='ocr_line' id='line_1_37' title="bbox 0 0 1648 4918; baseline 0 0"><span class='ocrx_word' id='word_1_284' title='bbox 0 0 1648 4918; x_wconf 95' lang='lat' dir='ltr'><strong> </strong></span> 
     </span>
    </p>
   </div>
  </div>
 </body>
</html>
