3282 4918
799 111 949 252 3‘3.

713 275 926 287 ———,-⁴..-...

267 363 416 446 Apparet
438 361 470 424 in
489 362 591 426 altero
606 361 753 439 „adbuc“
775 361 838 426 ioci
864 362 1027 446 quandam
1052 350 1321 445 significationem
1338 361 1457 428 inesse.
1639 441 1640 468 ἱ

174 471 275 549 XXV,
302 475 333 550 4,
361 474 395 534 2:
420 469 548 553 legitur,
575 469 769 553 Sophoclem
784 522 790 536 .
805 522 812 535 .
827 521 856 536 ..
880 471 1118 554 interrogatum
1142 469 1258 553 ecquid
1282 470 1388 534 adbuc
1412 469 1458 532 f·
1567 537 1568 550 ,
1639 523 1640 532 ,

337 577 433 641 minis
457 576 657 656 misceretur,
682 583 855 660 negantem
878 577 912 640 id
934 576 1132 645 adiecisse..
1150 585 1163 643 .'

174 685 261 752 Item
285 683 385 761 XXV,
413 687 442 763 5,
468 687 502 762 83
527 681 660 762 XXVII,
689 687 738 764 12,
767 688 816 748 16.

265 793 375 857 Etiam
398 790 509 872 futuri
532 792 682 875 temporis
704 791 769 855 vim
793 790 958 875 quandum
983 791 1207 874 cognoscimus

174 899 298 977 XXIII,
325 904 354 978 3,
389 903 425 962 5:
455 897 634 963 mundabat
657 899 702 963 'eis
726 904 764 962 ut
780 949 787 964 .
801 950 808 964 .
823 951 829 964 .
847 896 935 981 apud
958 897 1106 982 Assyrios
1131 899 1237 963 adbuc
1262 901 1372 982 agenti
1395 898 1458 965 sibi

337 1010 580 1071 concurrerent.
1424 1023 1425 1028 ¹

267 1111 464 1177 Aduerbium
480 1112 572 1190 „bic“
587 1132 747 1196 nusquam
762 1110 925 1176 invenitur
941 1111 974 1175 in
991 1133 1020 1180 o.
1038 1131 1077 1191 o.,
1102 1111 1160 1175 scd
1175 1111 1246 1177 Ioco
1272 1114 1339 1177 eius
1363 1135 1457 1178 usur·
1532 1093 1534 1108 ¹

178 1225 313 1305 pancur:
338 1220 386 1285 ibi
409 1223 443 1282 et
467 1219 545 1297 illic,
568 1218 648 1284 illuc
671 1224 732 1284 cet.
759 1218 827 1282 sine
851 1217 1047 1297 discrimine,
1072 1219 1162 1284 velut

177 1327 263 1406 XVI,
290 1332 340 1408 10,
367 1331 424 1391 16:
459 1325 493 1389 id
522 1332 650 1391 tanturn
680 1325 742 1390 sibi
766 1325 928 1408 placuisse
952 1328 1079 1408 aiebat,
1112 1327 1200 1413 quod
1224 1327 1390 1394 didicisset
1413 1331 1459 1396 ibi
1539 1372 1542 1384 ‚
1605 1332 1639 1360 '⁸

337 1439 378 1515 (o.
404 1455 430 1499 r.
455 1464 496 1525 :7
520 1433 589 1521 hic)
614 1455 743 1518 quoque
767 1433 914 1499 homines
938 1436 1023 1500 mori

174 1540 306 1619 XVIII,
340 1546 377 1621 2,
412 1547 445 1606 7:
478 1539 643 1606 Florentio
677 1545 710 1606 ci
732 1540 889 1624 Lupicino
909 1592 914 1607 .
934 1594 940 1607 .
960 1593 992 1607 ..
1017 1543 1220 1609 certantibus
1244 1567 1303 1628 per
1326 1550 1457 1626 pontem

335 1649 406 1714 illic
430 1648 487 1737 (ε
511 1648 621 1713 hicio
645 1670 673 1714 o.
697 1649 739 1735 r.)
764 1650 978 1715 constitutum
1002 1652 1135 1714 transiri
1159 1650 1277 1716 debere
1406 1685 1411 1696 ·

270 1756 342 1821 Alia
364 1757 513 1841 exemplu
536 1756 654 1822 harum
677 1757 914 1839 particularum
937 1758 1058 1841 passim
1082 1759 1297 1842 reperiuntur.
