3282 4918
782 199 825 265 52

253 371 448 456 Plerumque
472 373 573 456 igitur
597 375 833 442 consecutionis
858 382 1042 458 temporum
1070 374 1159 459 leges
1191 372 1357 451 servabat,
1390 392 1444 434 re·

162 478 436 561 praesentationis
460 486 570 545 autem
602 503 733 564 caussa,
768 506 842 549 oum
865 484 995 549 omnino
1020 503 1059 547 ea
1082 481 1270 564 saepissime
1294 483 1445 543 uteretur

166 583 378 672 (Ehrismanu
401 585 422 654 l.
448 610 473 655 c.
497 609 570 673 pag.
599 589 765 679 16-22),
789 591 823 654 in
846 591 908 655 hac
932 610 1120 674 quoquere
1144 607 1376 672 nonnunquam
1401 584 1444 650 ab

164 713 225 757 usu
249 693 375 776 vulgari
399 696 543 761 recessit.

253 908 404 974 Omnium
428 931 510 994 quas
534 911 641 977 adhuc
664 913 788 978 contuli
805 914 1039 979 sententiarum
1055 911 1220 996 particula
1239 912 1323 996 quod
1336 909 1445 974 verbis

163 1016 323 1081 sentiendi
348 1021 408 1081 cet.
432 1017 633 1083 adnexarum
664 1021 908 1103 comparatione
938 1019 1053 1085 habita
1082 1024 1221 1104 apparet
1250 1019 1444 1101 scriptorem

161 1123 196 1186 in
219 1123 291 1209 ipsa
315 1145 343 1189 0.
361 1144 389 1192 0.
407 1123 502 1208 longe
525 1125 720 1207 praetulisse
743 1126 955 1192 indicativum
979 1127 1122 1207 modum,
1147 1132 1294 1191 secutum
1318 1124 1445 1190 scilicet

90 1305 92 1311 Ι
161 1236 199 1294 ut
226 1231 261 1295 in
292 1237 476 1315 temporum
508 1254 604 1317 saepe
634 1234 679 1298 sic
710 1234 744 1298 in
764 1233 937 1299 modorum
959 1256 1027 1299 usu
1046 1233 1245 1299 Graecorum
1270 1237 1443 1298 consuetu-

162 1337 279 1404 dinem.

252 1555 305 1618 Sic
328 1555 430 1638 igitur
453 1554 612 1620 absolutis
636 1557 845 1624 enuntiativis
869 1557 1039 1624 sententiis
1063 1556 1170 1621 brevis
1200 1555 1263 1619 erit
1294 1554 1443 1637 quaestio

163 1661 202 1726 de
215 1662 332 1727 ceteris
345 1662 580 1728 sententiarum
588 1664 820 1747 primariarum
829 1665 1020 1748 generibus,
1035 1672 1152 1750 agetur
1166 1670 1276 1730 autem
1292 1662 1445 1748 deinceps

428 1935 461 2004 2.
487 1935 528 2004 de
551 1934 733 2005 sententiis
759 1935 930 2022 primariis
956 1935 1177 2024 imperativis.

253 2090 318 2155 Eas
349 2093 746 2176 sententiassprimarias,
779 2095 897 2178 quibus
921 2093 1099 2160 voluntatis
1129 2094 1215 2159 actio
1246 2091 1444 2179 (consilium,

164 2200 299 2285 optatio,
317 2201 473 2280 hortatio,
491 2201 667 2292 postulatio
682 2206 761 2288 cet.)
781 2204 986 2286 exprimitur,
1004 2203 1038 2266 in
1055 2203 1260 2269 coniunctivo
1276 2200 1445 2286 ponendas

162 2329 230 2373 esse
255 2329 366 2374 omnes
390 2308 595 2392 grammatici
619 2309 833 2389 consentiunt,
860 2309 899 2374 de
923 2309 1075 2393 ponenda
1098 2309 1264 2392 particula
1286 2314 1362 2388 „ut‘
1378 2329 1445 2372 non

161 2415 241 2480 item
266 2414 309 2500 (v.
334 2414 536 2496 Andersson,
569 2436 643 2500 pag.
668 2420 709 2479 45
735 2416 807 2503 sq.).
855 2416 1065 2482 Contendunt
1088 2418 1172 2482 enim
1196 2417 1253 2482 alii
1276 2423 1346 2481 tum
1371 2422 1445 2480 tan-

161 2529 231 2588 tum
253 2524 332 2608 poni
357 2522 484 2602 debere,
510 2545 583 2588 cum
606 2523 648 2588 ab
673 2544 710 2588 eo
734 2527 806 2588 tota
827 2524 965 2608 incipiat
987 2545 1015 2589 o.
1042 2545 1081 2605 ο,
1106 2523 1163 2589 alii
1186 2524 1307 2607 ubique
1325 2524 1445 2588 docent

160 2651 255 2713 posse
279 2631 441 2715 usurpari,
467 2630 612 2696 sednon
636 2632 750 2712 solere,
776 2632 831 2696 alii
848 2654 975 2715 semper
990 2632 1061 2696 iere
1078 2631 1186 2695 omitti
1201 2635 1344 2711 monent,
1369 2651 1444 2695 cum

159 2745 349 2823 antegressa
369 2741 411 2804 sit
427 2740 589 2804 sententia
607 2761 673 2804 acc.
693 2761 718 2804 c.
736 2739 792 2805 inf.
811 2745 1006 2806 constructa.
1028 2739 1133 2804 -Ne
1154 2738 1352 2822 particulam
1367 2742 1445 2821 post

160 2846 259 2911 verba
288 2845 484 2911 affirmantia
514 2847 766 2930 prohibitoriam
792 2869 952 2932 nusquam
977 2849 1010 2912 In
1035 2869 1063 2912 o.
1090 2870 1118 2912 c.
1144 2847 1250 2911 omitti
1275 2851 1308 2910 et
1332 2866 1444 2911 omnes

162 2955 366 3038 grammatici
391 2954 599 3019 consentiunt
623 2961 655 3018 ct
679 2954 840 3019 Ammiani
864 2977 925 3020 usu
951 2955 1096 3031 docetur.

250 3060 346 3145 Apud
371 3062 576 3127 Ammianum
605 3063 714 3128 omissi
741 3068 817 3143 „ut‘
846 3068 1003 3145 quattuor
1032 3061 1181 3145 exempla
1213 3067 1302 3126 sunt:
1335 3060 1441 3142 XVII,

166 3176 215 3250 10,
242 3176 278 3234 4:
305 3191 386 3254 quas
410 3171 437 3234 si
461 3190 525 3234 non
550 3169 765 3234 ostendisset.
782 3221 788 3234 .
804 3221 827 3249 .,
851 3172 949 3236 sciret
971 3191 1005 3234 se
1030 3175 1090 3234 cet.

160 3277 230 3357 XX,
257 3282 285 3356 5,
312 3282 348 3341 9:
375 3276 587 3342 obsecravere
603 3276 791 3342 Petulantes
810 3284 843 3342 et
860 3276 983 3358 Celtae,
1011 3276 1144 3356 recturi,
1169 3297 1251 3360 quas
1266 3274 1445 3359 placuisset

319 3383 512 3469 provincias
541 3385 747 3449 mitterentur

159 3491 276 3570 XXVI,
303 3496 330 3569 6,
358 3497 393 3555 2:
419 3490 656 3557 mandarat...
679 3513 739 3574 pro
765 3492 968 3575 cognitorum
994 3498 1106 3576 operat
1127 3497 1230 3574 textu,
1260 3500 1312 3558 et.
1328 3544 1355 3557 ..
1382 3493 1444 3556 im-

322 3606 507 3683 peratorem
530 3601 600 3684 ipse
624 3621 658 3664 se
679 3601 863 3684 procideret
888 3601 977 3664 ocius
1002 3601 1183 3684 nuncupari

160 3707 311 3788 XXVIII,
345 3713 374 3788 6,
401 3713 459 3771 28:
493 3708 644 3792 cognovit
674 3709 781 3791 ipsum
811 3707 951 3771 suasisse
981 3706 1124 3787 civibus,
1153 3713 1330 3792 procurent
1351 3729 1440 3771 men-

320 3815 430 3880 tiendo
447 3815 583 3900 legatos.

250 3922 338 3986 Nihil
362 3923 413 3986 his
437 3922 516 3986 locis
540 3926 678 4006 apparet
702 3921 879 3986 abhorrere
903 3942 923 3985 a
947 3942 1095 3985 sermone
1124 3921 1235 3985 latino.

248 4030 416 4095 Pulticula
438 4035 512 4108 ‚,ut“
534 4029 733 4095 inducuntur
757 4029 939 4093 sententiae
963 4029 1174 4113 imperativae
1199 4029 1328 4094 circiter
1354 4035 1404 4097 68.
1480 4097 1483 4106 ,

248 4138 319 4203 Huc
344 4139 429 4202 enim
452 4136 624 4202 referenda
648 4158 716 4203 esse
745 4135 914 4201 censebam
943 4137 1042 4200 etiam
1073 4158 1111 4201 ea
1135 4136 1321 4215 enuntiata,
1355 4158 1440 4221 quae

159 4250 238 4328 apta
261 4252 338 4310 sunt
361 4267 401 4309 ex
424 4244 502 4328 ipsis
527 4245 634 4310 verbis
667 4243 838 4320 hortandi,
872 4244 1064 4326 imperandi,
1090 4243 1205 4308 orandi
1231 4248 1303 4323 cet,
1328 4266 1437 4328 quum,

160 4375 355 4437 quamquam
381 4353 460 4416 nihil
488 4354 577 4417 aliud
610 4357 686 4416 sunt
717 4373 814 4436 quam
847 4351 1016 4416 enuntiata
1045 4349 1172 4428 finalia,
1207 4350 1246 4415 iis
1276 4353 1439 4435 exprima-
