3282 4918
807 186 850 250 45

187 359 305 428 XXIX.
333 369 362 435 2,
391 368 446 426 17:
472 359 665 440 confessum,
683 366 771 443 quod
779 414 786 428 .
800 415 826 428 ..
844 362 884 426 de
899 360 1027 446 imperii
1042 364 1283 446 permutatione
1300 361 1469 428 consulere

349 489 449 565 ausps
474 479 523 533 est

186 573 304 655 XXXI,
331 583 360 652 9,
388 585 421 640 1:
446 574 698 664 (sequebantur)
723 576 813 642 docti
836 582 924 662 quod
943 575 1094 642 Gratiani
1117 576 1242 643 monitu
1265 598 1412 642 reversus
1435 578 1469 641 in

349 681 567 748 Thracias...
593 689 725 749 eventus
749 706 859 750 rerum
881 687 1108 766 speculabatur
1130 685 1297 769 ancipites.

274 786 368 852 Unus
396 794 526 854 tantum
558 789 609 854 his
639 790 801 856 adiciatur
824 790 930 872 Iocus,
964 813 1029 877 quo
1053 790 1164 858 fictam
1186 813 1256 856 rem
1274 790 1469 856 ,Ammianus

185 894 329 978 aliquem
353 893 433 961 facit
455 897 721 980 pronuntiantem
745 899 793 963 ita
816 904 941 979 tamen,
973 904 1011 964 ut
1038 898 1176 964 eundem
1198 918 1258 981 pro
1283 903 1372 962 certo
1397 917 1469 962 eam

184 1000 362 1068 habentem
376 1003 522 1084 inducat,
547 1026 646 1089 quam
662 1004 703 1069 ob
720 1027 790 1071 rem
804 1006 859 1071 hic
875 1027 1004 1089 quoque
1021 1004 1189 1071 adhibitus
1204 1010 1255 1070 est
1272 998 1478 1070 indicativus'

186 1107 318 1189 modus,
344 1111 401 1194 qui
423 1110 514 1176 locus
538 1119 588 1176 est

184 1217 279 1297 XVI,
314 1227 348 1298 9,
377 1228 415 1284 4;
435 1219 691 1304 ,Τειωεεροιη
723 1220 826 1286 refert
848 1219 892 1286 ad
915 1241 1044 1304 regem,
1076 1224 1165 1303 quod
1183 1219 1277 1285 bellis
1301 1219 1469 1285 acerrimis

346 1324 557 1392 Constantius
589 1326 766 1412 inplicatus
801 1349 915 1412 pacem
948 1332 1095 1408 postulat
1125 1328 1325 1410 precativam
1357 1327 1470 1413 (Tam-

346 1455 498 1518 saporem
521 1436 606 1501 enim
629 1458 647 1500 e
671 1439 827 1500 contextu
857 1456 967 1500 rerum
1000 1440 1138 1519 apparet
1161 1435 1267 1517 ipsum
1292 1431 1469 1500 credidisse

347 1541 575 1609 Constantium
598 1564 713 1626 paoem
737 1541 952 1629 desiderare).

275 1648 314 1713 In
326 1648 377 1713 his
390 1649 539 1716 omnibus
551 1651 661 1736 igitur,
679 1672 762 1734 quae
775 1649 883 1717 adhuc
894 1649 1028 1734 protuli,
1048 1649 1202 1733 exemplis
1215 1648 1323 1713 valere
1336 1668 1472 1732 cognos-

187 1757 288 1821 cimus
304 1761 428 1822 certam
444 1756 545 1839 illam,
570 1779 669 1842 quam
685 1780 785 1842 supra
800 1758 956 1841 proposui
978 1757 1065 1844 (pag.
1093 1755 1160 1842 73),
1185 1755 1353 1822 indicativi
1377 1779 1471 1822 usur·

188 1862 288 1945 pandi
311 1866 482 1930 rationem.

276 1969 343 2036 Sed
366 1971 494 2040 duobus
517 1972 598 2039 loeis
623 1975 720 2038 etiam
746 1994 820 2038 cum
842 1974 885 2052 is,
918 1972 975 2055 qui
1007 1970 1101 2051 dicit,
1131 1971 1201 2054 ipse
1225 1970 1350 2054 aliquid
1373 1971 1471 2036 fuisse

185 2075 304 2162 fingat,
337 2078 434 2145 indic.
470 2079 584 2146 modus
614 2080 782 2147 adhibitus
811 2080 990 2158 invenitur,
1023 2086 1062 2145 ut
1091 2077 1186 2143 valde
1216 2078 1371 2143 miremur
1396 2100 1471 2144 eon-

184 2185 365 2252 iunctivum
396 2208 462 2252 non
488 2188 631 2270 positum
656 2210 742 2268 esse,
776 2210 840 2272 quo
865 2185 907 2252 ad
930 2186 1025 2280 fictas
1048 2208 1100 2251 res
1124 2183 1353 2270 significandas
1377 2208 1471 2250 usum

186 2314 256 2358 esse
280 2293 368 2360 hunc
391 2295 585 2381 scriptorem
609 2295 696 2362 infra
719 2296 961 2362 demonstrabo
1009 2293 1076 2360 Sed
1105 2292 1156 2359 his
1179 2292 1262 2357 locis
1286 2316 1357 2359 cum
1381 2291 1470 2358 fictio

184 2400 295 2465 verbis
312 2401 466 2487 „fingere
483 2404 722 2489 praetendens“
741 2405 805 2470 iam
823 2405 902 2469 satis
918 2424 1071 2487 expressa
1087 2402 1140 2481 sit,
1164 2402 1270 2468 altera
1288 2403 1355 2467 eius
1372 2402 1472 2486 signi-

185 2506 297 2574 ficatio
320 2531 386 2575 non
410 2533 492 2595 opus
516 2516 596 2578 erat.
643 2511 733 2577 Haec
757 2511 821 2575 duo
845 2511 996 2594 exempla
1019 2516 1111 2575 sunt:

185 2615 272 2698 XVI,
298 2627 329 2697 8,
352 2626 390 2682 4:
415 2620 581 2687 suasit...
606 2617 728 2704 fingere
745 2622 833 2702 quod
844 2617 990 2683 velamen
1012 2639 1214 2701 purpureum
1237 2615 1471 2681 aDiocletiani

347 2726 496 2809 sepulcro
521 2726 650 2792 furatus
674 2725 868 2811 quibusdam
892 2726 1029 2792 consciis
1053 2728 1235 2790 ocmltabat.

185 2829 289 2910 XXII,
323 2841 352 2911 3,
384 2837 420 2897 8:
453 2833 577 2918 absque
601 2833 800 2899 conscientia
823 2854 882 2899 sua
905 2833 1070 2899 hominem
1094 2831 1295 2896 adfirmabat
1318 2830 1471 2910 occisum,

347 2939 551 3022 praetendes,
576 2944 665 3024 quod
684 2961 757 3005 eum
779 2938 931 3004 militaris
953 2941 1004 3004 ira
1025 2945 1160 3009 delevit.
1176 2944 1237 3028 ..¹)

277 3043 382 3129 Magis
406 3039 504 3112 etiam
529 3068 566 3112 eo
592 3045 802 3138 offendimur,
837 3045 926 3130 quod
950 3068 990 3113 ex
1012 3069 1076 3113 uno
1109 3049 1287 3132 eodemque
1314 3047 1413 3112 verbo
1438 3052 1472 3112 et

186 3150 381 3217 indicativus
406 3160 439 3218 et
463 3156 686 3220 coniunctims
717 3153 832 3220 modus
864 3152 1017 3238 pendent,
1050 3156 1084 3221 id
1112 3155 1200 3240 quod
1223 3157 1301 3220 item
1325 3154 1471 3219 cernitur

187 3258 275 3341 apud
298 3261 524 3343 Augusteum,
548 3264 608 3332 civ.
633 3262 685 3328 dei
709 3261 923 3348 (Dombart2)
950 3263 981 3326 II
1005 3285 1078 3348 pag.
1103 3273 1178 3342 272,
1206 3271 1245 3330 15
1271 3282 1335 3345 sq.:
1361 3261 1472 3345 (fabu-

185 3364 303 3449 laeque
330 3364 425 3432 fictae
456 3369 547 3456 sunt)
571 3368 611 3432 de
636 3367 804 3453 Gorgone,
838 3372 926 3450 quod
934 3371 1047 3449 fuerit
1069 3371 1186 3435 crinita
1209 3367 1415 3451 serpentibus
1439 3373 1472 3432 et

187 3473 381 3556 aspicientes
405 3479 610 3541 convertebat
630 3477 664 3540 in
686 3475 822 3560 lapidee.

276 3580 327 3645 Ex
349 3582 511 3648 Ammiani
533 3584 627 3649 libris
650 3585 714 3650 huc
737 3583 923 3668 pertinent:

186 3687 274 3768 XIV,
301 3693 350 3768 11,
377 3695 395 3752 7
406 3710 413 3754 :
439 3691 482 3755 ad
506 3692 567 3757 hoc
590 3714 691 3758 unum
713 3695 855 3758 mentem
878 3690 1051 3756 sollicitam
1076 3689 1248 3774 dirIgebat,
1275 3695 1368 3774 qaod
1388 3690 1471 3756 Con-

347 3789 551 3863 stantius...
576 3821 637 3865 nec
661 3798 918 3865 satisfactionem
944 3799 1093 3877 susdpiet
1114 3795 1260 3881 aliquam
1275 3818 1336 3864 nec
1353 3798 1470 3862 erratis

347 3907 493 3989 agnoscet,
525 3904 582 3972 sed
605 3906 741 3991 laqueos
765 3905 795 3972 ei
818 3904 961 3971 latenter
984 3902 1176 3986 obtendens,
1208 3904 1235 3969 si
1259 3905 1400 3988 cepisset
1422 3905 1463 3968 in·

344 4020 491 4095 cantum,
516 4021 621 4080 morte
645 4020 808 4080 multaret.

225 4255 247 4324 1)
266 4259 326 4308 Hoc
345 4260 450 4324 „quod“
470 4260 582 4310 conserti
601 4267 689 4326 potest
708 4276 766 4309 cum
785 4259 888 4308 Graeco
914 4260 960 4309 illo
987 4244 1080 4323 ,,ὖ’τι“,
1101 4275 1153 4324 quo
1172 4261 1389 4324 interpunctionis
1408 4261 1469 4310 loco

266 4359 331 4398 recta
350 4353 436 4402 oratio
455 4368 533 4417 saepe
553 4353 727 4402 iudicabatur.
