3282 4918
821 191 864 256 35

201 391 307 453 neque
329 367 386 433 illo
410 368 482 451 ipso
507 365 655 432 Caesaris
678 367 766 448 loco,
798 369 885 453 quod
919 389 991 434 eum
1016 365 1252 434 emendandum
1277 387 1345 432 esse
1369 366 1483 430 verisi-

202 477 373 563 millimum
397 481 457 541 est.

290 583 479 648 Ammianus
495 582 596 666 igitur
611 581 645 645 iu
662 583 903 648 conformandis
920 583 970 648 his
987 583 1156 648 sententiis
1172 582 1363 666 plerumque
1380 582 1485 646 utitur

200 698 235 758 el
257 711 328 773 lpse
474 788 502 844 Ι.
527 787 713 845 accusativi
736 802 815 844 cum
837 788 1006 846 infinitivo
1031 790 1215 854 stfflfflffa’

197 924 234 988 id
259 923 349 1008 quod
372 922 411 988 fit
434 923 564 989 circiter
586 925 762 989 trecenties
786 925 973 1008 septuagies
996 922 1097 990 octies
1121 923 1211 987 etin
1234 921 1385 985 brevibus
1403 925 1437 986 et
1451 921 1485 985 in

201 1033 414 1097 continuatae
439 1052 484 1094 or.
511 1030 573 1096 obl.
606 1032 782 1116 exempliS,
823 1032 914 1098 cuius
948 1031 996 1095 rei
1018 1035 1153 1114 propter
1176 1049 1327 1113 magnam
1358 1029 1486 1112 copiam

200 1138 290 1202 locos
314 1135 431 1202 afferre
455 1136 660 1220 supersedeo.

291 1243 488 1328 Singillatim
511 1250 622 1310 autem
645 1245 725 1310 haec
749 1245 938 1311 annotanda
963 1252 1054 1311 sunt:

296 1358 322 1416 1.
350 1350 431 1416 Cum
455 1352 538 1417 duae
563 1354 753 1432 sententiae,
780 1375 918 1437 quarum
944 1375 1038 1420 suum
1061 1359 1203 1437 utraque
1217 1351 1350 1417 verbum
1373 1350 1484 1430 hebet,

201 1465 447 1544 comparantur,
479 1483 562 1545 quae
587 1466 636 1526 est
658 1461 700 1525 iu·
715 1461 873 1545 primaria
897 1463 1060 1526 sententia
1084 1462 1284 1526 constructio
1309 1455 1487 1524 accusativi

201 1590 228 1635 c.
260 1567 317 1631 inf.
349 1566 464 1630 eadem
492 1567 657 1633 interdum
687 1568 807 1634 transit
837 1569 872 1632 in
900 1568 1126 1634 secundariam
1151 1568 1353 1654 (Andersson
1375 1589 1407 1651 p.
1434 1570 1485 1645 35,

202 1696 278 1740 ann.
304 1680 341 1753 4;
367 1673 498 1758 Madvig
521 1680 541 1756 ξ
564 1680 639 1755 402,
665 1674 696 1763 c)

295 1780 387 1864 Apud
410 1780 617 1847 Ammianum
640 1788 733 1849 extat
755 1782 852 1846 huius
877 1782 1003 1866 generis

205 1887 337 1966 XXVII,
363 1893 391 1968 3,
417 1895 454 1954 4:
485 1890 558 1954 vilis
581 1891 715 1974 quidam
738 1889 886 1974 plebeius
909 1888 1065 1971 finxerat,
1097 1890 1189 1955 illurn
1213 1891 1355 1956 dixisse.
1372 1941 1378 1954 .
1395 1941 1424 1956 ..
1449 1890 1487 1954 11-

365 1996 481 2063 benter
504 2018 538 2062 se
553 1997 628 2063 vino
652 1999 786 2083 proprio
806 1996 965 2062 calcarias
982 1998 1213 2078 extincturum,
1239 2020 1337 2082 quam
1360 1998 1395 2062 id
1410 2020 1486 2064 ven-

364 2103 510 2170 diturum
533 2105 658 2188 pretiis,
683 2105 802 2189 quibus
826 2105 1031 2189 sperabatur.

294 2210 357 2300 [De
381 2210 536 2277 adverbio
561 2213 698 2279 libenter
718 2234 779 2297 pro
805 2214 1028 2296 comparativo
1052 2213 1159 2297 posito
1184 2211 1383 2297 valet'quod
1407 2212 1487 2277 dicit

203 2319 344 2386 Kdlacr
359 2319 381 2404 ἕ
395 2321 472 2399 225,
495 2320 628 2385 3Aam.
647 2324 684 2385 6:
709 2319 894 2403 „Zuweilen
912 2320 993 2385 wird
1015 2320 1119 2403 magis
1143 2319 1280 2405 (potius)
1305 2340 1363 2383 vor
1387 2340 1485 2402 quam

203 2426 422 2510 weggelassen
454 2425 522 2513 (nie
552 2424 606 2493 bei
632 2426 798 2510 Cicero),“
832 2429 922 2494 cuius
951 2429 999 2494 rei
1028 2429 1133 2493 multa
1164 2428 1314 2511 exempla
1343 2427 1439 2493 affert
1467 2449 1486 2491 a
1509 2507 1512 2512 Ι

202 2533 331 2614 Planta,
357 2533 524 2615 Sallustio,
548 2534 684 2619 Nepote,
709 2535 810 2615 Livio,
835 2536 910 2600 aliis
932 2537 1047 2618 petita.
1085 2535 1176 2600 Idem
1198 2535 1270 2602 fieri
1293 2537 1389 2601 docet
1411 2539 1487 2620 post

202 2640 320 2706 verba:
346 2641 429 2706 velle
453 2649 513 2708 cet.
539 2647 576 2707 ut
599 2642 633 2706 iu
654 2641 781 2707 Graeca
803 2643 915 2726 lingua
938 2650 1014 2727 post
1039 2644 1139 2709 verba
1161 2645 1334 2728 βούλεσθαι,
1359 2643 1485 2721 ἐθέλειν,

203 2746 359 2833 αἱρεῖσθηι
392 2754 453 2814 cet.
484 2749 648 2813 omittitur
679 2771 776 2833 saepe
807 2751 971 2833 particula
1003 2753 1235 2836 comparativa.
1283 2753 1399 2835 Itaque
1423 2773 1487 2816 non

204 2856 362 2921 miramur
385 2856 478 2924 ,hanc
506 2858 539 2921 in
572 2857 734 2922 Ammiani
764 2857 1064 2940 comparationibus
1095 2879 1326 2941 nonnunquam
1359 2857 1485 2937 deesse3

206 2961 343 3046 legimus
368 2965 453 3028 enim
477 2963 577 3028 etiam

204 3069 272 3147 XX,
304 3075 334 3151 4,
366 3075 402 3134 8;
439 3071 617 3154 gloriosum
647 3092 716 3136 esse
741 3071 931 3136 existimans
955 3071 1045 3137 iussa
1067 3078 1172 3136 morte
1201 3077 1355 3155 oppetere
1388 3092 1486 3152 quam

367 3178 397 3241 ei
419 3177 661 3261 provinciarum
685 3178 853 3243 interitum
885 3177 926 3243 ad
959 3180 1093 3262 signari
1141 3177 1188 3243 cf.
1220 3199 1319 3262 porro
1350 3176 1391 3242 de
1423 3176 1486 3242 hac

365 3305 401 3349 re
431 3285 672 3368 Wdlfflioltp.
699 3292 735 3349 71
764 3307 827 3369 sq.:
858 3286 941 3375 (Der
965 3288 1100 3373 Positiv)
1124 3286 1212 3351 kann
1236 3308 1299 3350 nur
1322 3285 1409 3350 darm
1432 3285 1486 3349 fiir

366 3389 429 3455 den
454 3391 663 3474 Comparativ
697 3392 776 3458 oder
809 3393 871 3458 den
899 3395 1087 3480 Superlativ
1115 3396 1245 3474 stehen,
1279 3415 1370 3459 wenn
1399 3392 1487 3458 diese

368 3498 640 3584 Stellvertretung
665 3522 723 3566 aus
747 3500 872 3566 andern
890 3503 1046 3568 Gliedern
1070 3502 1126 3567 des
1145 3501 1257 3566 Satzes
1281 3500 1487 3586 geschlossen

313 3663 367 3712 Cic.
387 3665 419 3712 de
438 3670 491 3713 nat.
512 3665 620 3714 deorum
639 3667 659 3728 Ι,
680 3681 722 3728 44,
744 3679 798 3729 123:
820 3667 930 3729 „Verius
950 3673 988 3715 est
1007 3668 1085 3730 igitur
1103 3667 1225 3714 nimirum
1245 3666 1311 3718 illud
1328 3667 1399 3732 quod
1412 3667 1487 3716 fauni·
1513 3709 1516 3716 .

281 3753 354 3801 liaris
375 3756 489 3802 omnium
509 3762 625 3802 nostrum
646 3757 802 3806 Posidonius
824 3758 999 3806 disseruit...
1014 3757 1101 3804 nullos
1115 3771 1171 3805 esse
1185 3757 1249 3806 deos
1262 3757 1376 3820 Epicuro
1397 3758 1487 3818 videri,

283 3859 401 3908 quaeque
421 3846 442 3893 is
462 3845 494 3892 de
514 3845 564 3893 diis
585 3846 775 3896 immortalibus
801 3848 906 3909 dixerit,
931 3847 1047 3895 invidiae
1070 3846 1240 3895 detestandae
1260 3847 1352 3918 ¹gratia
1377 3846 1487 3894 dixisse:

281 3949 366 3997 neque
386 3935 454 3983 enirn
473 3942 526 3983 tam
545 3935 679 3998 desipiens
698 3936 796 3998 suisset,
817 3945 843 3985 ut
861 3935 1012 3986 homunculi
1032 3936 1142 3984 similem
1162 3937 1238 3986 deum
1258 3933 1385 4001 fingeret“
1426 3937 1451 3984 T
1448 3953 1489 3986 aru

282 4023 400 4085 desipiens
417 4023 514 4086 fuisset
537 4040 590 4072 non
614 4040 670 4074 esse
690 4027 817 4075 orationis
838 4028 906 4088 obi,
933 4025 1010 4074 facile
1039 4026 1227 4090 intellegimus,
1254 4044 1310 4077 cum
1336 4029 1489 4092 respicimus

284 4112 440 4161 antecedens
460 4114 536 4162 illud:
564 4115 690 4162 Ludimur
710 4122 758 4163 cet.
779 4145 811 4152 -
832 4116 863 4165 cs.
884 4116 992 4164 Kiihner
1012 4131 1037 4179 p.
1059 4126 1128 4177 1027,
1150 4118 1225 4166 Anm.
1246 4131 1263 4166 1.

242 4199 264 4266 1)
284 4201 331 4249 Ed.
345 4203 470 4265 Witllllin,
486 4203 654 4252 Lateinische
668 4203 720 4251 und
734 4205 898 4253 romanische
912 4205 1113 4268 Komparation,
1127 4205 1342 4270 Erlangen1879;
1362 4205 1393 4254 cl.
1409 4207 1488 4254 etiam

280 4289 303 4354 J.
324 4291 357 4338 H.
378 4291 509 4355 Schmalz,
535 4293 702 4358 Lateinische
723 4291 820 4356 Syntax
845 4294 880 4342 im
906 4293 1056 4342 Handbuch
1085 4294 1131 4343 der
1156 4295 1317 4344 klassischeu
1336 4295 1489 4344 Altertums-

285 4380 470 4446 wissenschalt‚
491 4384 707 4448 herausgegebeu
728 4400 779 4432 von
796 4383 819 4447 J.
840 4385 943 4446 Miiller,
964 4383 997 4433 II.
1019 4384 1076 4447 Bu,
1097 4383 1121 4434 S.
1142 4398 1194 4448 341.

1292 4471 1328 4524 3*
