3270 4906
633 962 706 1049 P
727 979 777 1047 a
795 982 829 1047 r
853 979 894 1048 s
932 960 1042 1047 Π.

372 1149 433 1242 De
465 1146 764 1268 pronominum
796 1177 878 1242 usu
910 1149 958 1244 in
991 1149 1090 1270 ipsa
1123 1178 1184 1244 or.
1218 1149 1299 1243 obl.

182 1344 305 1473 [Υ
329 1380 469 1464 gendum
493 1381 573 1444 mihi
597 1381 676 1460 erit,
708 1386 746 1445 ut
768 1387 872 1446 totam
896 1382 981 1447 banc
1004 1404 1073 1446 rem
1099 1381 1324 1446 dilucidiorem
1349 1381 1478 1459 faciam,

209 1472 247 1522 ³⁵
284 1504 286 1508 ⁴
373 1486 413 1552 de
438 1487 687 1571 pronominibus
710 1488 933 1555 indicantibus

302 1573 309 1584 ⁵
368 1614 540 1678 personam
565 1595 644 1675 eius,
671 1596 727 1678 qui
750 1595 869 1678 refert3

369 1723 543 1785 personam
567 1703 645 1782 eius,
671 1704 762 1767 cuius
784 1703 885 1768 verba
908 1703 958 1768 vel
982 1704 1128 1786 cogitata
1152 1704 1357 1782 referuntur3

367 1832 539 1893 personam
564 1811 642 1890 eius,
667 1810 710 1875 ad
734 1833 829 1895 quern
854 1813 960 1876 oratio
985 1811 1145 1890 babetur;

333 1920 346 2003 )
370 1940 543 2003 personam
568 1919 646 1998 eiuS,
672 1917 801 2002 dequo
827 1919 944 2002 agitur.

157 2371 161 2380 ¹
194 2296 250 2363 De
266 2296 563 2379 pronominibus
579 2297 673 2370 eius,
695 2296 763 2378 qui
779 2295 910 2378 refert,
926 2315 1140 2380 personam
1157 2289 1477 2379 exprimentibus.
1519 2271 1522 2288 ⁸

283 2457 428 2521 Persona
453 2457 530 2534 eius,
556 2457 612 2539 qui
636 2477 688 2522 res
712 2461 837 2535 narrat,
864 2479 935 2521 cum
961 2456 1144 2541 significari·
1161 2457 1266 2522 soleat
1288 2456 1480 2539 pronomine

195 2585 254 2648 ego
279 2571 313 2629 et
335 2564 525 2647 possessivis
549 2563 626 2629 huic
653 2563 819 2644 affinibus,
844 2565 925 2629 haec
957 2565 990 2629 in
1014 2566 1174 2630 Ammiani
1200 2564 1295 2628 libris
1319 2585 1479 2646 nusquam

177 2668 412 2746 *inveniuntum
432 2672 494 2736 nisi
507 2669 596 2757 quod
609 2671 773 2736 interdum
791 2670 991 2736 confundens
1008 2694 1100 2736 suam
1117 2672 1291 2738 scribentis
1306 2693 1479 2755 personam

196 2801 268 2844 cum
293 2781 362 2844 eius
385 2800 543 2863 persona,
577 2779 636 2862 qui
665 2779 746 2844 dicit
776 2778 826 2843 vel
851 2777 890 2842 de
915 2801 979 2862 quo
1004 2780 1123 2864 agitur,
1148 2780 1343 2863 pronomina
1366 2799 1423 2844 nos
1447 2783 1480 2841 et

196 2892 303 2950 noster
333 2887 458 2952 inducit
480 2887 544 2966 ita,
580 2892 619 2951 ut
649 2887 714 2951 sint
748 2887 820 2951 loco
855 2889 943 2952 uocis
974 2887 1151 2970 ,Romani“
1191 2893 1224 2952 et
1258 2887 1478 2968 ,Romanus“.

196 2992 274 3058 Loci
298 3000 374 3058 sunt

194 3100 272 3180 XX,
312 3097 349 3182 4,
388 3108 423 3167 4:
468 3123 527 3166 nec
566 3103 674 3185 potuit
709 3101 803 3168 silere
833 3141 846 3150 -
871 3139 884 3149 -
921 3100 1098 3166 verendum
1122 3123 1191 3166 esse
1221 3100 1405 3178 affirmans,
1438 3122 1496 3184 ne¹

354 3209 531 3274 uoluntarii
560 3209 695 3274 barbari
726 3209 901 3288 militares,
938 3230 1036 3292 saepe
1068 3209 1128 3274 sub
1160 3208 1320 3273 eiusmodi
1351 3207 1478 3291 legibus

354 3315 484 3381 adsueti
508 3317 648 3382 transire
672 3316 715 3381 ad
737 3323 858 3396 nostra,
882 3316 945 3383 hoc
961 3318 1092 3401 cognito
1109 3317 1262 3399 deinceps
1279 3321 1478 3381 arcerentur.

195 3421 309 3502 XXIV,
336 3428 365 3500 8,
396 3427 430 3486 6:
467 3423 615 3488 nonnulli
639 3425 755 3489 Persas
779 3427 870 3490 uobis
893 3425 1057 3489 viantibus
1080 3424 1266 3490 incubuisse
1290 3422 1477 3489 firmabant.
1530 3472 1531 3480 κ

194 3529 317 3609 XXIV,
351 3537 387 3608 4,
423 3536 481 3595 29:
519 3530 619 3596 index
647 3533 856 3597 nuntiaverat
887 3571 900 3579 -
925 3571 938 3580 ·
970 3530 1153 3597 subsedisse
1186 3553 1316 3595 manum
1344 3531 1477 3594 insidia-

354 3638 469 3702 tricem
500 3639 658 3720 latenter,
689 3646 726 3704 ut
755 3641 920 3724 inprouiso
951 3641 1026 3704 inde
1058 3647 1174 3704 exorta
1206 3639 1345 3720 agminis
1374 3641 1479 3703 nostri

355 3753 449 3830 terga
473 3746 587 3811 feriret
611 3756 767 3815 extrema.

283 3851 373 3917 Idem
398 3852 561 3937 significat
584 3857 724 3939 scriptor
748 3856 940 3938 pronomine
963 3861 1071 3920 noster
1095 3855 1173 3933 eius,
1199 3854 1241 3918 ad
1257 3875 1351 3937 quem
1371 3855 1477 3918 oratio

193 3958 345 4039 habetur,
369 3981 551 4043 personam,
577 3966 616 4025 ut

192 4066 319 4148 XVllI,
355 4073 392 4145 6,
428 4073 484 4138 16:
518 4069 613 4133 docet
637 4107 679 4116 --
705 4069 943 4153 speculatorem
968 4093 1002 4135 se
1020 4071 1152 4134 missum
1177 4069 1219 4134 ad
1243 4075 1355 4135 nostra
1379 4088 1476 4152 saepe

352 4198 446 4242 veros
470 4177 602 4242 nuntios
625 4184 822 4260 reportasse.
930 4206 938 4221 ·

191 4281 292 4362 XXX,
318 4288 347 4362 6,
375 4289 412 4348 2:
437 4283 615 4349 firmabant
636 4285 840 4370 (Quadorum
864 4285 993 4370 legati):
1020 4286 1100 4350 nihil
1123 4308 1161 4350 ex
1186 4287 1350 4350 communi
1368 4293 1475 4350 mente

352 4414 525 4476 procerum
549 4395 654 4478 gentis
678 4393 832 4458 delictum
858 4395 1087 4458 adseverantes
1112 4395 1144 4457 in
1170 4399 1300 4459 nostros.
