3282 4918
798 148 858 235 'ec

69 342 72 352 ’
195 349 282 431 XIX,
311 355 361 431 ll,
387 355 420 414 b:
448 347 629 415 exorabant
651 348 684 412 in
708 349 835 412 veniam
852 347 1059 412 obsecrantes
1075 351 1113 410 nt
1130 395 1135 408 .
1153 397 1158 409 .
1174 392 1180 407 .
1197 401 1202 413 .
1220 344 1261 410 ad
1279 367 1352 410 eum
1368 346 1481 410 venire

355 455 625 541 permitterentur
649 503 720 520 ....
745 455 854 538 parati
877 507 884 523 .
903 505 909 519 .
925 505 931 519 .
947 505 964 532 .,
988 454 1077 519 siid
1088 454 1262 538 placuerit,
1285 460 1391 519 terras
1408 473 1482 518 sus-

357 563 465 647 cipere
488 562 585 647 longe
609 560 767 639 dIscretas

196 669 283 746 XXI,
312 673 340 750 5,
369 675 425 733 10:
451 669 599 734 iuravere
720 690 831 735 omnes
853 689 913 754 pro
938 690 975 735 eo
1001 689 1110 748 casus,
1145 668 1254 752 quoad
1274 668 1376 734 vitam
1398 690 1479 752 pro-

356 775 509 857 fuderint,
533 779 563 844 si
585 777 623 842 id
644 776 819 843 arcessitus
842 782 993 860 caeperit,
1016 775 1219 860 perlaturos,

195 885 299 965 XXII,
328 890 378 966 ll,
406 891 462 950 11:
488 885 592 950 scelus
617 884 843 950 detestabatur
966 885 1107 949 minatus
1132 890 1287 963 extrema,
1313 885 1342 949 si
1362 884 1483 950 deiude

356 997 545 1078 temptatura
567 992 674 1072 tuerit
697 992 825 1076 aliquid
847 989 936 1074 quod
959 991 1086 1056 iustitia
1109 996 1197 1056 vetet

195 1098 315 1180 XXIII,
346 1103 380 1178 2,
417 1105 450 1162 1:
483 1098 663 1183 legationes
788 1094 1053 1178 rchttebantur,
1174 1098 1321 1181 principe
1345 1118 1482 1180 respon-

357 1205 453 1272 dente
476 1226 686 1292 nequaqnam
708 1203 824 1270 decere
849 1205 1039 1272 adventiciis
1064 1207 1259 1273 adiumentis
1283 1229 1352 1272 rem
1375 1209 1483 1274 vindi-

316 1347 319 1352 ·
355 1314 424 1378 cari
445 1313 635 1393 Romanam,
662 1315 753 1380 cuius
778 1314 894 1398 opibus
918 1314 1021 1381 foveri
1045 1317 1232 1382 conveniret
1254 1317 1376 1383 amicos
1394 1368 1401 1383 .
1416 1369 1423 1382 .
1439 1370 1445 1383 .
1462 1370 1482 1398 .,
1555 1330 1560 1338 “

353 1423 383 1487 si
406 1423 570 1488 currilium
595 1443 646 1487 eos
670 1423 817 1506 adaperit
839 1421 1013 1489 necessitas
1036 1423 1204 1507 inplorare

43 1547 54 1564 ¹¹
141 1545 143 1550 ·
195 1530 315 1608 XXIII,
347 1535 382 1609 3,
417 1534 453 1594 2:
485 1529 605 1596 dicitur
728 1528 1091 1613 paludamentum
1120 1529 1294 1596 tradidisse
1320 1532 1478 1615 Proc0PI⁰

353 1637 591 1722 mandasseque
614 1637 761 1720 arripere
883 1636 1104 1720 principatum
1131 1639 1165 1702 si
1192 1661 1226 1701 se
1256 1640 1408 1702 cuterisse
1432 1641 1481 1704 di-

355 1747 470 1812 dicerit
491 1751 584 1827 apu'd
602 1747 755 1811 Parthos.

194 1853 310 1933 XXIV,
336 1859 366 1934 4,
393 1858 430 1916 21
444 1874 451 1917 :
477 1854 649 1918 nuntiatur
672 1851 863 1935 imperatori
884 1906 891 1920 .
907 1901 913 1915 .
929 1903 935 1916 .
950 1903 958 1919 .
973 1851 1171 1937 legionarios
1186 1845 1306 1918 milit'es
1324 1904 1330 1917 .
1347 1904 1353 1917 .
1368 1905 1375 1918 .
1390 1905 1396 1918 .
1413 1853 1481 1917 ima

354 1966 544 2044 penetrasse
559 1959 856 2040 fundamentorum,
880 1960 956 2041 iam,
976 1963 1009 2026 si
1024 1963 1093 2041 ipse
1109 1963 1310 2042 disposuerit,
1326 1980 1480 2026 evasuros

193 2067 292 2146 XXV,
321 2073 349 2148 7,
376 2073 411 2132 6:
444 2068 651 2134 condiciones
677 2118 705 2131 ..
731 2065 882 2132 ferebant
906 2118 945 2147 ..,
970 2066 1128 2152 fingentes
1153 2118 1182 2133 ..
1206 2068 1362 2153 reliquias
1385 2078 1476 2132 excr-

355 2174 439 2240 citus
461 2176 571 2241 redire
595 2175 700 2240 sinere
725 2225 753 2239 ..
778 2188 897 2258 regem,
923 2196 1006 2259 quae
1035 2175 1128 2241 iubet
1153 2178 1221 2241 «si»
1251 2175 1294 2260 (si
1318 2174 1425 2240 Gom.
1449 2173 1477 2239 V

354 2281 380 2345 P
403 2281 461 2368 ba)
486 2284 673 2363 impleverit
695 2305 763 2346 cum
781 2281 985 2361 primatibus
1012 2285 1146 2350 Caesar.

193 2387 322 2467 XXIII,
352 2395 390 2469 4,
424 2393 482 2454 30:
517 2389 687 2455 clamitant
710 2409 824 2474 saepe,
857 2390 1092 2474 rempublicam
1116 2396 1203 2456 stare
1226 2412 1291 2455 non
1314 2411 1419 2474 posse,
1449 2392 1481 2456 si

274 2491 279 2500 ’
342 2499 466 2579 futura
488 2497 723 2572 concertatione,
747 2517 845 2579 quem
868 2499 1005 2583 quisque
1028 2497 1181 2576 viudicat,
1207 2501 1390 2564 carceribus
1414 2521 1478 2563 non

352 2609 508 2673 exiluerit
526 2609 683 2687 princeps,
707 2617 738 2672 et
760 2658 784 2674 ..
800 2657 826 2671 ..
851 2608 1100 2690 circumflexerit
1122 2618 1251 2672 metam.

192 2714 308 2793 XXIX,
344 2720 371 2796 l,
403 2721 439 2780 6:
472 2714 794 2781 exclamabat
820 2715 885 2780 alia
909 2737 952 2793 se,
983 2719 1016 2781 si
1034 2716 1162 2783 licuerit
1183 2717 1288 2779 dicere
1311 2719 1476 2779 monstra-

352 2834 464 2890 turum
487 2876 558 2890 ....
585 2846 668 2909 quae
693 2874 771 2904 ....,
796 2825 864 2890 nr'si
880 2835 1081 2903 prospectum
1088 2823 1207 2905 suerit,
1232 2821 1382 2885 universa
1399 2842 1476 2886 con-

353 2931 500 3001 fundent.
955 2925 957 2931 ’

193 3039 314 3118 XXIX,
349 3049 383 3120 5,
417 3044 476 3103 32:
509 3060 570 3122 pro
601 3039 732 3122 negotio
757 3038 965 3106 consultabat
1085 3036 1211 3102 hostem
1235 3088 1323 3117 .....
1356 3039 1390 3103 si
1399 3040 1474 3120 fers
1600 3047 1601 3061 ¹

354 3150 477 3230 ccpz'cuc
503 3148 638 3224 dederit,
662 3168 877 3231 oppressurus

192 3255 310 3336 XXIX,
336 3261 364 3334 5,
392 3260 448 3319 51:
473 3253 555 3318 nihil
578 3306 606 3323 ..
626 3307 654 3323 ..
679 3255 749 3337 spei
768 3254 831 3320 sibi
851 3259 985 3332 restare,
1002 3255 1035 3317 si
1047 3253 1239 3317 obstructius
1254 3255 1365 3335 egerit,
1390 3251 1472 3318 arbi·

352 3367 461 3427 tratus
485 3412 513 3427 ..
531 3412 559 3425 ..
585 3362 737 3444 prorupit

193 3471 292 3549 XXX,
329 3476 355 3551 l,
390 3475 444 3534 17:
478 3468 686 3535 incessebant
808 3469 928 3532 Parem
1046 3464 1220 3550 fingentes:
1254 3464 1472 3549 addentesque

352 3576 440 3660 quod
563 3577 673 3641 tristes
697 3575 942 3649 sollicitudines,
969 3576 1048 3640 «si»
1075 3575 1123 3662 (si
1146 3578 1176 3640 G
1195 3597 1255 3639 cm.
1289 3577 1380 3654 VA)
1406 3576 1474 3638 lue'c

351 3687 508 3751 curciccni
528 3686 736 3767 superfuerit,
761 3683 918 3748 excitabit

294 3791 331 3878 b)
356 3815 424 3858 cum
448 3795 640 3876 temporalis
664 3793 833 3858 coniunctio
857 3794 1029 3857 antecedet:

192 3900 282 3975 XVI,
317 3906 351 3980 7,
383 3905 418 3965 3:
451 3900 651 3988 (Caesarem)
777 3898 999 3983 apparitorem
1128 3897 1228 3963 fidum
1259 3897 1387 3964 auctori
1416 3916 1471 3960 suo

356 4012 467 4090 qrcead
485 4011 610 4075 viserit
631 4008 700 4072 fore
796 4059 803 4076 .
827 4005 1011 4091 spondebat

283 4113 487 4179 Ollendimur
509 4116 621 4180 futuro
645 4120 761 4180 exacto
781 4115 941 4196 „vixerit“
958 4114 1064 4197 posito
1080 4133 1141 4196 pro
1158 4111 1296 4194 simplici
1313 4110 1422 4176 futuro
1437 4117 1471 4174 ut

194 4228 242 4286 est
265 4221 359 4300 XXI,
397 4227 451 4301 16,
489 4227 542 4287 15:
578 4228 708 4306 „quoad
735 4237 826 4288 stare
851 4229 1035 4305 poterunt‘;
1069 4220 1126 4287 sed
1156 4242 1306 4305 expresse
1329 4219 1469 4284 indicans

192 4330 370 4396 Eutherius
394 4329 439 4395 sic
463 4330 640 4412 inducitur,
672 4332 839 4397 lulianum
864 4351 965 4414 usque
990 4331 1022 4393 in
1047 4328 1097 4392 vel
1120 4332 1354 4411 postmortem
1379 4325 1468 4390 fidem

193 4446 398 4518 servaturum
423 4461 501 4504 csse.
