3270 4906
800 176 919 238 12·

262 355 348 420 Aua.
396 353 483 418 Loco
515 349 644 416 dicendi
677 352 769 417 verbi
799 372 1032 434 nonnunquam
1068 354 1230 418 seutentIa
1264 351 1372 417 brcvis
1407 353 1455 417 in-

173 461 317 546 venitur,
354 464 408 524 ut:
445 465 572 524 textum
606 459 773 542 aperiunt,
809 459 996 525 memoriam
1032 458 1229 542 reph'oabat,
1265 461 1459 543 perstrinxit

173 568 329 651 suspicio,
365 567 463 644 aliae,
497 565 616 650 quibus
646 565 746 630 verba
773 565 944 652 sequentia
965 565 1157 650 plerumque
1175 567 1344 649 particula
1368 567 1456 651 quod

156 673 157 680 '
175 674 410 752 aduentantem

262 785 292 868 o)
325 783 471 861 iurandi,
503 783 664 862 minandi,
688 782 923 866 promittendi:
962 780 1081 859 iurare,
1112 781 1270 861 deierare,
1301 781 1456 861 minitari,

325 889 499 972 spondere,
516 891 719 972 promittere,
737 889 901 974 pollicari:
920 909 1003 972 quae
1015 887 1115 953 verba
1128 910 1192 952 non
1205 889 1312 953 rarius
1326 889 1457 972 ,1111011α

323 1018 395 1060 cum
426 996 603 1061 indicativo
636 996 738 1060 futuri
771 996 980 1061 coniunctum
1011 1000 1044 1058 et
1071 993 1252 1059 infinitivus
1275 997 1457 1079 praesentis

323 1103 459 1186 simplex
493 1103 546 1188 (of.
572 1104 692 1186 Zumpt
717 1107 795 1190 605)
825 1107 1007 1186 sequuntur
1031 1123 1128 1185 quam
1153 1100 1255 1166 futuri
1278 1102 1457 1180 infinitivus

233 1257 235 1266 1
324 1209 475 1293 adposito
499 1211 549 1276 vel
573 1209 691 1275 omisso
717 1209 856 1274 subiecti
879 1209 1078 1274 accusativo.

260 1317 296 1403 d)
326 1319 452 1396 orandi,
476 1318 636 1397 mouendi,
660 1318 857 1400 imperandi,
885 1322 918 1382 et
942 1339 980 1382 ea
1002 1299 1135 1400 'quidem

384 1425 418 1513 a)
440 1447 545 1505 orare,
562 1430 685 1508 petere,
710 1426 893 1509 imprecari,
917 1425 1055 1508 precari,
1081 1423 1257 1506 obsecrari,
1284 1425 1454 1512 obtestari

437 1554 584 1620 poscere,
603 1554 748 1610 exorare,
767 1532 970 1617 supplicare,
992 1530 1140 1613 suadere,
1158 1553 1300 1612 monere,
1316 1533 1454 1613 hortari,

438 1641 592 1719 animare,
618 1640 786 1720 mandare,
810 1639 963 1719 scribere,
988 1636 1112 1720 iubere,
1136 1645 1264 1721 vetare3

382 1753 417 1834 β)
437 1746 599 1828 ordinare,
631 1747 839 1832 praecipere3
873 1748 1047 1831 impetere,
1080 1748 1169 1832 quod
1198 1747 1333 1814 verbum
1356 1747 1455 1814 semel

437 1855 554 1934 XXXI,
583 1861 631 1935 12,
661 1861 700 1920 14
725 1855 888 1922 invenitur
912 1862 945 1921 et
969 1855 1100 1939 quidem
1118 1876 1192 1920 oum
1208 1854 1239 1918 vi
1254 1854 1454 1939 postulandi.

258 1963 346 2028 Aua.
379 1940 428 2027 1.¹
453 1961 577 2026 Eadem
606 1962 768 2028 Ammiani
798 1963 946 2043 lieentia,
980 1984 1064 2047 quae
1096 1963 1243 2028 cernitur
1271 1962 1393 2046 ubique
1421 1963 1455 2026 in

170 2071 344 2136 structuris
367 2070 581 2155 sequentibus
597 2070 697 2136 verba
713 2070 837 2150 orandi,
863 2070 1026 2150 monendi,
1050 2069 1242 2153 imperandi,
1269 2092 1341 2135 oum
1358 2070 1454 2134 modo

169 2183 207 2242 ut
229 2177 426 2262 partIoulam
450 2177 608 2244 adhibeat
631 2178 727 2243 modo
743 2177 950 2257 infinitivum,
975 2177 1118 2242 maxima
1134 2175 1405 2242 animadvertitur
1421 2177 1454 2240 in

169 2284 289 2350 verbis:
320 2286 511 2371 praecipere
540 2292 573 2351 et
599 2285 728 2367 iubere3
761 2292 943 2370 sequuntur
972 2285 1057 2350 enim
1081 2306 1120 2350 ea
1143 2290 1275 2368 praeter
1300 2286 1452 2350 usitatam

167 2393 259 2458 illam
287 2393 439 2458 infinitivi
470 2417 496 2458 c.
527 2415 593 2459 acc.
627 2394 677 2460 vel
709 2416 734 2461 c.
767 2415 851 2459 nom.
881 2398 1082 2458 structuram
1114 2390 1292 2456 infinitivus
1317 2393 1453 2475 simplex

169 2508 279 2586 atque,
293 2502 402 2582 etiam,
427 2502 461 2567 id
485 2502 574 2587 quod
590 2501 690 2567 semel
705 2501 743 2566 fit
758 2507 834 2585 post
851 2501 1079 2585 „praecipere“
1099 2495 1235 2564 verbum
1251 2498 1339 2579 XXI,
1366 2505 1394 2579 6,
1421 2505 1451 2579 9,

168 2616 219 2674 ter
234 2615 309 2692 post
326 2609 477 2692 ,iubere“
498 2609 632 2675 verbum
650 2609 763 2695 (XXV,
782 2615 812 2689 8,
833 2613 887 2688 123
912 2605 1029 2686 XXVI,
1054 2611 1083 2686 8,
1109 2612 1143 2686 5;
1168 2603 1301 2685 XXVII,
1332 2611 1381 2686 11,
1406 2607 1453 2694 4),

79 2767 95 2806 ·,
169 2739 242 2782 cum
267 2717 377 2782 dativo
401 2738 560 2801 personae
585 2739 661 2782 casu
687 2717 919 2801 coniunctus.¹)

257 2827 345 2892 Aua.
361 2831 392 2893 2.
424 2825 549 2905 Deinde
565 2824 600 2889 id
616 2827 785 2909 proprium
802 2830 852 2888 est
868 2821 1038 2899 Ammiani,
1064 2820 1152 2904 quod
1178 2821 1365 2905 saepissime
1388 2842 1452 2886 non

169 2955 207 2998 ex
231 2933 419 3013 indicativo,
435 2933 500 3006 ‚sed
525 2955 542 2998 e
567 2932 725 3016 gerundio
742 2937 775 2997 et
789 2929 965 3015 participio
981 2929 1173 3012 praesentis,
1198 2927 1452 3012 interdumper-

167 3042 245 3106 secti
276 3041 467 3121 verborum,
501 3063 585 3124 quac
615 3040 712 3106 modo
744 3039 946 3117 enumeravi,
979 3038 1157 3122 pendentes
1185 3039 1265 3103 facit
1289 3039 1452 3103 orationes

169 3148 327 3232 obliquas
360 3156 397 3213 ut
417 3170 457 3214 ex
481 3147 664 3231 ,addenda
697 3146 873 3227 causand0,
904 3146 1124 3226 memorando,
1154 3146 1353 3230 replicando,
1379 3153 1451 3226 oet,

162 3255 365 3335 adserentes
378 3255 556 3336 firmantes,
570 3254 757 3335 adfirmans,
770 3253 937 3333 adsensus
954 3253 1130 3334 confessus,
1145 3259 1239 3333 oet.“,
1249 3255 1346 3334 item,
1364 3253 1451 3339 quod

167 3363 328 3428 iterantur
352 3363 540 3446 saepissime
563 3363 665 3428 verba
688 3361 826 3442 dicendi,
851 3362 940 3427 velut
963 3360 1084 3439 XXIII,
1113 3365 1141 3439 2,
1167 3367 1203 3448 43
1227 3359 1297 3441 XV,
1323 3366 1352 3440 5,
1379 3365 1407 3427 6.

256 3471 343 3535 Anu.
367 3475 397 3535 3.
444 3470 592 3553 Denique
616 3468 714 3554 quod
728 3468 809 3534 dicit
831 3468 1017 3534 Andersson
1040 3489 1115 3552 pag.
1144 3473 1182 3532 13
1208 3469 1352 3532 omnium
1382 3490 1451 3533 ver-

167 3579 300 3657 borum,
331 3577 449 3662 quibus
474 3599 502 3643 ο.
532 3599 560 3644 ο.
584 3578 768 3658 inducitur,
801 3576 1050 3642 usitatissimum
1075 3597 1144 3641 esse
1168 3577 1230 3654 ai0,
1257 3589 1330 3642 our'n
1354 3577 1449 3641 nain

169 3686 339 3752 Caesarem
365 3684 496 3770 quidem
521 3687 700 3764 conveniat,
724 3686 819 3750 huius
844 3685 1014 3768 scriptoris
1028 3705 1098 3748 ¹usu
1115 3705 1180 3748 non
1197 3684 1361 3763 affirmari,
1386 3705 1451 3748 nou

168 3800 227 3872 est,
252 3815 309 3859 cur
333 3794 497 3859 miremur.
543 3795 647 3858 Extat
669 3795 755 3858 enirn
779 3792 813 3857 id
841 3791 976 3858 verbum
1006 3813 1026 3856 a
1056 3792 1142 3857 Iibro
1173 3791 1248 3856 XIV
1280 3790 1449 3874 usquead

167 3901 278 3965 XXIII
302 3909 353 3966 ter
377 3901 484 3966 decies
507 3906 646 3982 tantum,
670 3923 769 3986 porro
795 3921 965 3984 nusquam.

205 4136 226 4206 ¹)
246 4139 279 4189 cI.
299 4139 501 4203 Kallenbergius
521 4139 538 4189 I.
558 4155 579 4188 c.
600 4156 661 4204 pag.
681 4153 716 4202 31.

649 4313 967 4352 ὠρθοῦ-
