3270 4906
722 267 744 272 Η
805 178 846 241 76

850 267 932 274 ---—·

278 348 435 414 Omnibus
460 357 477 414 7
502 350 552 415 his
576 352 654 417 locis
679 358 801 436 ternpus
830 357 917 420 verbi
946 357 1126 420 sentcntiae
1155 356 1371 420 secundariae
1402 377 1466 420 reon

190 480 229 520 en
255 459 321 537 ipso
344 460 437 527 verbo
458 461 553 541 fine'to
570 462 702 540 precedet,
726 463 783 527 sed
806 484 845 527 ere
864 464 1045 546 participio
1068 484 1139 527 curn
1162 463 1220 527 e'lto
1244 464 1421 528 coniuncto,

187 563 285 642 XXV,
318 571 348 644 4,
374 570 410 628 7:
443 565 477 630 id
500 566 724 649 praedicabat,
749 576 845 651 turpe
870 590 938 634 esse
970 569 1125 653 sapienti,
1160 590 1232 633 cum
1256 569 1374 634 lrabeat
1396 569 1465 634 ani-

348 693 445 750 mum,
470 679 604 755 captare
628 673 740 740 laudes
764 697 973 758 excerpere.
1310 653 1314 662 ¹

276 779 348 860 Ides
371 783 557 858 sententies,
581 803 665 864 qnae
688 784 906 849 nnioersotoee
928 805 1055 849 sensnm
1078 783 1198 848 babent
1220 784 1367 866 omnique
1391 787 1465 847 tenr-

182 909 263 968 pore
287 888 454 965 retentent,
479 894 509 952 et
533 889 789 984 altisone'ptores
814 891 874 974 (es.
891 891 1024 974 Drdper
1039 891 1064 956 Ι
1072 912 1104 975 p.
1120 892 1204 972 241)
1229 896 1258 956 et
1274 891 1467 955 Aerenn'unns

188 995 225 1057 in
249 1016 273 1058 o.
298 1016 324 1058 o.
346 997 464 1079 primes
487 997 651 1061 interdum
675 999 868 1081 temporibus
891 1002 1030 1062 struant.

190 1101 276 1180 XVI,
306 1107 354 1182 II,
383 1107 438 1166 13:
464 1101 609 1168 illud...
634 1105 822 1169 ductabatur
846 1105 934 1188 quod
956 1105 1106 1170 Julianus
1129 1126 1194 1169 non
1220 1104 1388 1169 levaturus
1418 1106 1466 1169 in-

349 1210 518 1274 commoda
531 1209 711 1276 Galliarum
729 1212 852 1277 electus
868 1218 926 1291 est,
940 1211 996 1276 sed
1014 1218 1051 1276 ut
1063 1214 1166 1297 posset
1176 1233 1236 1295 por
1251 1210 1339 1277 bclla
1355 1212 1465 1276 deleri.

276 1317 303 1380 E
325 1317 471 1401 perlecto
495 1320 634 1396 „eleetos
658 1325 734 1399 est“,
767 1342 840 1385 cum
864 1321 907 1384 sIt
929 1317 1109 1403 perfectum
1132 1341 1302 1402 praesens,
1333 1319 1468 1385 verbum

187 1426 328 1507 ‚,posse't“
351 1433 491 1508 apparet
514 1431 627 1509 aptum
652 1449 737 1492 esse:
770 1425 993 1512 „Corripitur
1016 1429 1052 1491 e'n
1076 1449 1102 1491 o.
1119 1450 1145 1492 o.
1170 1450 1209 1492 ee
1234 1449 1273 1492 ea
1295 1429 1467 1505 sententie,

190 1533 283 1598 certeis
305 1535 433 1597 uerbere
456 1535 492 1598 e‘n
515 1535 694 1600 indicativo
715 1537 856 1619 postium
880 1541 943 1613 est,
976 1536 1048 1600 olio
1070 1537 1232 1600 sententie
1260 1535 1396 1619 pendet,
1428 1557 1478 1600 ea,

189 1640 246 1702 illo
271 1644 393 1723 tempas
416 1663 648 1726 nonnnnpnorn
676 1643 876 1708 adhibetor.“

188 1745 288 1826 XXV,
310 1754 358 1826 10,
377 1753 413 1811 3:
439 1748 523 1813 sedIt
546 1749 749 1833 quorundam
768 1751 921 1833 opinioni,
945 1751 1030 1815 hanc
1047 1750 1186 1833 speeiem
1202 1756 1281 1814 tunc
1298 1769 1465 1833 apparere,

348 1878 418 1921 cum
453 1864 564 1922 evecta
594 1857 690 1921 solito
726 1856 843 1924 celsius
877 1857 1043 1922 nubes...
1077 1857 1258 1935 conlucent,
1293 1857 1345 1920 vel
1379 1862 1466 1921 certe

347 1962 458 2028 stellas
483 1985 571 2028 esse.
587 2019 594 2032 .
609 2015 637 2043 .,
664 1986 803 2047 quarum
827 1971 919 2029 ortus
944 1963 1128 2047 obitusque,
1154 1962 1272 2048 quibus
1294 1965 1363 2030 sint
1385 1968 1466 2029 tem-

348 2071 482 2154 poribus
506 2072 748 2154 praestituti..
765 2125 769 2136 .
795 2073 940 2155 ignorari

188 2179 293 2254 „sedit
315 2179 482 2262 celmund
505 2181 609 2262 specie
634 2185 761 2244 tentem
781 2180 971 2264 perfeetum,
995 2200 1109 2243 renero
1129 2199 1286 2263 praesens
1311 2183 1364 2246 est.

187 2283 290 2364 XVII,
328 2291 376 2363 13,
409 2289 467 2349 23:
500 2284 591 2350 sedes
623 2286 704 2350 alias
728 2287 891 2370 suscipere
915 2291 992 2352 sent
1014 2287 1206 2352 adsensi...
1229 2291 1267 2349 ut
1290 2306 1349 2351 nec
1373 2284 1466 2349 bellis

349 2395 458 2457 vexari
483 2414 543 2458 uec
567 2393 688 2458 mutari
712 2393 927 2459 seditionibus
949 2395 1073 2478 possint

191 2499 324 2579 XXVII,
353 2504 401 2578 12,
429 2506 461 2564 7:
495 2501 712 2565 ordinarent.
727 2552 754 2565 ..
778 2501 920 2566 validam
944 2522 1075 2564 manum
1100 2521 1330 2584 erumpere...
1359 2506 1396 2565 nt
1419 2501 1466 2565 lu·

347 2613 438 2672 terent
460 2607 495 2672 id
518 2614 726 2690 temptantes,
752 2609 889 2692 polliciti
913 2629 946 2672 sc
970 2609 1157 2692 provisuros

187 2714 287 2794 XXX,
306 2720 334 2793 2,
354 2721 388 2778 l:
416 2714 529 2780 ducem
545 2716 614 2779 ire.
630 2765 636 2779 .
653 2766 658 2778 .
676 2718 772 2804 instet
786 2715 819 2778 iu
834 2714 950 2779 Persas
966 2735 1178 2799 responsum.
1194 2765 1221 2780 ..
1248 2714 1464 2798 perferentes:

346 2823 434 2906 quod
461 2845 580 2890 rex...
606 2822 741 2888 sceleste
771 2825 977 2907 concupiscet
995 2823 1243 2888 Armeniam...
1268 2822 1322 2908 (cf.
1349 2845 1379 2905 p.
1400 2824 1465 2904 68).

286 2930 327 2996 Ut
343 2931 405 2996 olii
420 2934 593 3016 scriptores
607 2932 802 2997 Arnnn'onns
818 2952 944 3014 quoqne
961 2953 976 2995 e
991 2952 1086 2996 sense
1112 2931 1275 3014 loquentis
1299 2931 1394 3013 qnasi
1416 2929 1467 2994 bic

188 3041 256 3122 ipsc
273 3040 402 3117 diecret,
419 3060 650 3122 leonumlonum
667 3041 906 3104 coniunctiones
920 3039 1104 3122 proesentis
1120 3039 1250 3103 adhibet
1262 3039 1467 3102 antecedente

186 3148 365 3230 praetendo
390 3152 537 3230 tempore.
586 3145 632 3210 Cf.
659 3145 748 3210 Caes.
775 3145 805 3211 b.
831 3145 867 3209 G.
893 3146 935 3224 ll,
961 3150 997 3225 33
1023 3144 1096 3225 VII,
1124 3149 1182 3225 203
1209 3145 1279 3222 VII,
1308 3150 1358 3209 29.

277 3255 315 3317 In
340 3255 509 3318 sententiis
533 3275 550 3318 e
574 3254 753 3336 praeterito
778 3258 923 3336 tempore
947 3247 1163 3334 pendentibu's
1186 3253 1350 3318 invenitur

277 3399 313 3462 B.
338 3420 429 3463 meru
444 3401 697 3483 proeteritorum
721 3403 897 3481 temperent
920 3399 1100 3462 coresecnte'o
1124 3403 1157 3461 et
1180 3417 1219 3460 ea
1242 3396 1373 3479 quidem
1397 3420 1466 3462 cre·

188 3505 327 3570 berrime
351 3505 392 3569 ab
414 3505 585 3576 Ammiano
610 3513 689 3569 uta
714 3506 831 3569 ceteris
855 3504 1003 3568 omnibus
1027 3525 1136 3567 rerum
1160 3503 1376 3586 scriptoribus
1399 3527 1466 3570 ser-

187 3618 263 3677 vata
279 3620 336 3677 est.
378 3613 546 3677 Eiusmodi
562 3613 651 3677 locos
667 3613 798 3696 repperi
819 3619 890 3691 105,
916 3632 1006 3694 quos
1033 3631 1231 3694 quamquam
1255 3611 1290 3674 in
1312 3616 1466 3694 promptu

187 3719 302 3796 haben,
321 3741 393 3784 cum
409 3720 552 3803 vulgaris
568 3721 611 3784 sil
631 3720 712 3784 haec
727 3724 909 3802 temporum
927 3717 1122 3794 consecuti0,
1148 3739 1337 3782 enumerare
1354 3740 1465 3801 supcr-

186 3826 323 3912 scucos)
364 3827 595 3910 cognoscimus
619 3832 729 3891 autem
753 3848 793 3890 ex
817 3825 878 3889 hoc
901 3846 1019 3908 magno
1052 3846 1196 3904 numere,
1222 3827 1466 3908 comparatione

187 3934 304 3999 linbila
329 3957 402 3999 cum
426 3936 465 4000 iis
488 3936 579 4010 locis,
603 3935 659 4017 qui
684 3934 863 3998 variantem
880 3941 1000 4016 tempp.
1019 3933 1279 3997 consecutionem
1295 3932 1464 4015 praebent,

188 4042 391 4110 Ammianum
421 4064 525 4126 neque
554 4043 719 4125 ignorasse
750 4041 837 4124 leges
869 4046 990 4124 tempp.
1014 4040 1252 4106 consecutionis
1275 4062 1380 4125 neque
1404 4041 1465 4109 nisi

188 4154 276 4214 certa
301 4149 341 4214 de
366 4170 463 4214 causa
487 4149 655 4232 sprevisse.

224 4365 245 4433 1)
264 4368 305 4416 De
319 4368 390 4428 XIX,
411 4381 434 4428 9,
454 4380 467 4431 5
482 4344 539 4433 1¹5,ss
553 4375 577 4416 et
591 4368 687 4430 XXIV,
707 4381 732 4429 4,
749 4343 853 4433 2911}
872 4383 895 4415 v.
917 4365 994 4414 etiam
1008 4366 1162 4415 Ehrismann
1179 4367 1195 4415 I.
1211 4383 1231 4416 c.
1246 4382 1325 4430 pagg.
1340 4378 1372 4428 34
1386 4373 1410 4414 et
1423 4378 1463 4428 29,

264 4459 324 4507 item
343 4459 375 4507 de
395 4458 476 4522 XXV,
498 4469 519 4520 7,
540 4472 569 4507 10
589 4455 668 4523 (falso
688 4460 780 4508 citatus
800 4465 838 4505 est
858 4456 966 4518 XXVII,
987 4467 1008 4518 7,
1030 4454 1079 4522 10).
