3282 4918
803 197 846 264 32

273 377 310 440 ln
333 374 580 460 pronominibus
603 373 704 458 igitur
728 374 923 458 usurpandis
940 373 1128 440 Ammianus
1144 376 1173 440 is
1188 374 1388 457 pronominis
1405 395 1466 458 pro

183 483 336 550 reflexivo
361 505 456 548 usum
479 482 578 546 latius
601 482 797 568 propagavit
828 503 966 564 sequens
995 481 1121 547 scilicet
1145 479 1305 548 Graecam
1329 504 1467 547 consue-

183 592 339 671 tudinem,
364 590 552 673 ceteroquin
576 595 685 654 autem
709 609 909 672 quamquam
931 589 1102 655 recessita
1125 590 1235 674 priore
1258 612 1318 656 usu
1334 591 1467 655 minime

171 681 367 783 'praeceptis
391 696 679 782 grammaticorum
701 697 906 780 repugnavit.

271 806 386 870 Restat
416 811 454 869 ut
481 825 588 887 pauca
617 803 737 868 addam
771 803 811 870 de
835 804 997 870 adverbiis
1020 801 1084 868 loci
1109 809 1142 868 et
1165 805 1322 887 temporis
1346 825 1366 869 a
1388 824 1466 888 pro-

182 912 368 977 nominibus
393 911 548 976 derivatis
572 917 605 976 et
630 909 792 976 affinitate
816 932 889 975 cum
912 911 952 974 iis
977 912 1167 977 coniunctis.

273 1020 461 1085 Pronomini
479 1019 574 1100 „ille“
592 1019 778 1096 remotiora,
798 1017 892 1100 „hic“
905 1018 1061 1102 propiora
1074 1016 1333 1102 significantibus
1351 1021 1465 1102 „tum“

184 1132 218 1192 et
242 1130 370 1210 „nunc“
393 1125 595 1210 respondent
615 1127 650 1190 in
673 1125 902 1191 adverbiorum
926 1146 1070 1190 numero.
1104 1124 1224 1208 ltaque
1250 1125 1289 1190 de
1313 1124 1466 1191 adverbi-

184 1257 277 1300 orum
300 1256 362 1300 usu
384 1234 418 1297 in
443 1254 471 1298 0.
496 1254 524 1297 o.
550 1225 739 1316 generatim
753 1240 965 1318 praeceptum
987 1232 1083 1312 valet,
1117 1254 1176 1315 pro
1202 1239 1331 1316 „nunc“
1355 1237 1466 1298 rectae

184 1365 212 1408 o.
229 1340 415 1426 ponendum
431 1362 510 1419 esse,
536 1362 608 1406 cum
625 1345 824 1405 momentum
840 1342 998 1425 temporis
1013 1340 1075 1405 hac
1098 1339 1262 1424 particula
1285 1339 1466 1406 indicatum

184 1472 204 1515 a
227 1449 388 1514 referente
412 1448 569 1513 remotius
593 1449 646 1528 sit,
672 1469 688 1512 e
713 1449 911 1532 cogitatione
935 1448 1107 1514 referentis
1133 1453 1233 1530 „tunc
1256 1469 1280 1514 s.
1296 1452 1399 1526 tum“‚
1425 1446 1466 1511 de

185 1557 299 1623 eadem
330 1579 429 1622 causa
457 1578 517 1640 pro
548 1556 600 1621 bic
629 1557 676 1621 ibi
705 1576 764 1640 pro
797 1557 904 1622 adbuc
936 1557 981 1621 cd
1002 1556 1040 1621 c'd
1061 1561 1185 1640 tempus
1209 1560 1268 1621 cet.
1291 1553 1466 1619 Rationem

185 1666 270 1730 enim
293 1664 416 1730 habent
439 1665 617 1747 scriptores
641 1685 705 1728 non
728 1664 893 1748 loquentis
917 1665 1074 1751 temporis
1102 1661 1158 1728 sed
1182 1663 1232 1727 sui
1254 1660 1467 1727 referentium

183 1774 217 1836 in
241 1793 269 1838 ο.
294 1795 322 1838 o.
348 1771 457 1837 Nihilo
481 1772 697 1836 minusculae
722 1771 817 1835 docet
839 1771 976 1836 retineri
1005 1772 1038 1836 in
1064 1791 1092 1836 o.
1116 1792 1144 1835 o.
1169 1770 1305 1853 Krrlper
1332 1790 1363 1851 p.
1389 1771 1464 1846 892,

185 1900 381 1964 quamquam
412 1899 505 1958 raro,
542 1879 576 1941 in
605 1876 818 1962 significando
848 1878 1011 1962 loquentis
1040 1883 1197 1960 tempore.
1252 1876 1295 1940 Et
1325 1875 1467 1940 Kilbncr

185 1986 264 2051 dicit
286 2008 318 2071 p.
338 1990 422 2050 1038
448 1987 539 2049 Anm.
553 1989 591 2048 4:
620 1985 742 2065 „Wenn
766 1984 845 2050 aber
868 1985 921 2051 die
937 1984 1133 2068 Gegenvvart
1156 1983 1281 2063 desem,
1305 2005 1368 2047 von
1393 1981 1466 2047 dem

185 2095 294 2159 Etwas
325 2091 476 2158 referiert
505 2091 603 2171 wird‚
635 2090 724 2156 einer
754 2091 909 2157 friiheren
934 2093 1007 2158 Zeit
1037 2099 1197 2179 entgegen
1221 2092 1352 2177 gestellt
1374 2091 1465 2172 vird,

184 2223 292 2266 muss
316 2222 349 2266 es
372 2201 484 2284 (nuno)
507 2200 622 2263 immer
645 2198 852 2265 beibehalten
882 2198 1031 2279 werden,
1063 2200 1143 2265 aber
1173 2200 1259 2266 auch
1289 2205 1381 2266 sonet
1412 2221 1466 2283 ge-

185 2308 312 2375 schiebt
336 2307 404 2372 dies
428 2307 593 2371 bisweilen
618 2305 674 2370 des
699 2309 869 2389 griisseren
893 2306 1107 2372 Nachdruoks
1130 2313 1269 2393 wegen.“

276 2415 371 2499 Apud
389 2414 593 2477 Ammianum
605 2435 691 2478 nano
707 2435 868 2497 nusquam
884 2415 1057 2496 invenitur,
1082 2416 1138 2480 sed
1154 2417 1226 2481 loco
1240 2415 1308 2480 eius
1321 2421 1405 2494 tuac,
1429 2420 1467 2478 ut

185 2521 301 2600 XXlV,
333 2526 362 2600 2,
398 2526 432 2584 1:
465 2521 727 2603 intempestivam
756 2526 832 2587 lunc
856 2521 913 2610 (=
938 2543 1026 2589 accc
1048 2519 1226 2608 loquentis)
1252 2522 1467 2588 defectionem

347 2648 417 2694 esse
440 2627 631 2710 firmabant3
660 2628 738 2692 item

186 2736 284 2812 XXV,
312 2739 341 2815 2,
373 2741 409 2799 7:
440 2735 609 2800 vitandum
633 2757 701 2801 esse
727 2736 912 2801 cautissime
935 2737 1190 2821 responderunt,
1221 2759 1262 2804 ne
1286 2735 1365 2822 qnid
1389 2741 1466 2802 tunc

345 2848 567 2926 temptaretur

186 2950 302 3028 XXXI,
329 2955 358 3030 6,
383 2956 420 3014 4:
446 2948 628 3014 suadens..
646 3000 673 3018 ..
697 2956 735 3015 ut
757 2952 907 3034 regiones
930 2974 1050 3018 vacuas
1073 2954 1245 3036 praesidiis
1276 2951 1375 3016 etiam
1400 2955 1467 3015 lum

348 3059 580 3139 adorerentur;
606 3059 744 3141 saepius.
1071 3121 1074 3130 ,

276 3165 319 3230 At
341 3187 507 3250 nunquam
531 3187 591 3248 pro
616 3167 757 3253 adbeel)
782 3167 925 3249 positum
948 3166 1054 3231 inveni
1079 3168 1125 3233 ad
1151 3168 1188 3231 iel
1216 3171 1339 3252 tempas
1369 3164 1469 3254 (allud

187 3273 340 3358 tenipus),
372 3273 428 3336 sed
456 3273 582 3355 pariter
605 3279 705 3358 atque
729 3273 762 3338 in
787 3295 815 3338 ο.
842 3296 867 3337 r.
893 3272 1095 3358 significatur
1119 3274 1181 3341 hoc
1205 3273 1359 3340 adverbio
1384 3274 1465 3353 eius,

187 3382 278 3446 cuius
295 3380 394 3446 verba
409 3381 460 3444 vel
477 3382 622 3464 cogitata
648 3379 845 3462 referuntur,
870 3404 1037 3466 praesens
1060 3382 1232 3448 referentis
1247 3383 1349 3466 igitur
1365 3381 1468 3464 scrip-

187 3489 268 3552 toris
290 3488 507 3572 praeteritum
530 3493 669 3572 tempus
693 3488 783 3552 velut

186 3593 306 3674 XVIII,
326 3602 355 3675 7,
380 3601 433 3661 10:
459 3596 619 3662 Antonius
636 3647 643 3664 .
661 3647 667 3661 .
687 3648 694 3662 .
718 3596 857 3678 orditur,
882 3597 969 3662 flecti
992 3597 1054 3661 iter
1077 3596 1217 3661 suadens
1240 3596 1274 3662 in
1298 3594 1468 3660 dexterum

345 3703 442 3784 latus,
467 3711 505 3768 ut
528 3726 587 3787 per
610 3706 787 3788 longiorem
814 3706 1018 3771 circumitum
1042 3705 1184 3769 omnium
1208 3723 1317 3768 rernm
1340 3723 1401 3765 usu
1417 3722 1468 3765 re·

348 3811 479 3892 gionum
510 3811 667 3877 feracium
691 3819 725 3879 et
741 3866 747 3879 .
766 3865 798 3880 ..
823 3813 930 3877 adbuc
958 3811 1172 3891 intactarum,
1206 3817 1315 3874 castra
1331 3860 1338 3874 .
1357 3860 1388 3874 ..
1412 3830 1468 3891 pe-

347 3924 497 3983 terentur
520 3941 589 3984 sese
615 3921 780 3998 ductante,
812 3918 870 3982 ubi
893 3919 1000 3984 tenuis
1023 3918 1191 3985 fluvius..
1215 3921 1371 3999 angustus
1396 3916 1468 3980 nul-

346 4024 452 4110 lisque
477 4027 583 4093 adlmc
607 4030 700 4113 aquis
724 4026 856 4092 advenis
879 4027 1071 4094 adulescens
1095 4025 1189 4092 facile
1213 4024 1381 4107 penetrari
1410 4044 1468 4108 po·
1538 4105 1543 4120 1

348 4134 470 4199 terit..
488 4185 516 4200 ..

225 4368 246 4440 ¹)
267 4373 368 4439 Zumpt,
389 4370 407 4440 ξ
426 4386 484 4436 292.
