3282 4918
719 209 931 306 „4-

273 389 303 449 3.
328 405 400 448 curre
422 385 459 448 r'd
473 385 601 467 ¹opiter,
624 389 663 448 rrt
685 384 812 468 clipeati
831 386 908 466 rterr'
928 387 1154 470 perturbatum
1181 386 1228 451 vis
1252 387 1338 452 enim
1363 408 1463 470 quae-

172 492 261 558 dam
286 490 393 556 finalis
415 492 501 556 inest
523 492 557 555 in
580 492 695 576 partic·
719 494 856 576 ‚‚qtt0d“:

168 600 249 678 XX,
279 605 308 679 7,
336 604 370 662 7:
395 604 531 683 accepta
555 596 618 663 fide
642 600 726 683 quod
747 598 855 664 redire
876 601 1119 684 permitteretur
1141 603 1314 668 incolumis
1335 604 1468 671 ad

345 707 488 770 tentoria
511 707 657 773 accessit.
1523 779 1524 788 ,

271 813 356 878 Eum
380 834 509 879 sensum
532 813 593 878 hoc
617 813 689 878 loco
712 813 817 882 latere
841 837 881 881 ex
905 824 948 881 eo'
968 815 1183 899 concluditur,
1208 817 1297 902 quod
1314 820 1347 883 in
1364 819 1467 884 omni·
1573 848 1575 859 v

171 923 242 988 bus
268 921 456 1001 enuntiatis,
485 920 603 1005 quibus
627 921 822 987 substantivi
846 923 1068 990 antecedentis
1092 933 1320 1008 argumentum
1344 927 1466 1012 simpli-

175 1030 264 1095 citer
277 1028 454 1112 exponitur
468 1028 619 1111 usurpari
635 1027 729 1106 solet,
747 1031 890 1114 exceptis
907 1031 1032 1096 scilicet
1048 1038 1158 1096 enunt.
1176 1033 1467 1114 condicionalibus,

176 1136 379 1202 indicativus
403 1134 534 1216 modus,
558 1135 593 1199 id
617 1135 797 1202 affirmatur
821 1141 1065 1225 comparatione
1088 1139 1204 1205 habita
1229 1161 1302 1205 cum
1322 1139 1408 1220 XIX,
1437 1147 1465 1222 9,

180 1249 216 1308 5:
242 1250 381 1326 accepta
404 1241 468 1308 fide
493 1242 581 1327 quod
697 1250 854 1327 sequetur

270 1357 302 1416 4.
325 1351 420 1417 nette
444 1351 515 1416 etin
539 1373 577 1417 erc
601 1373 710 1431 censu,
743 1375 841 1436 quern
863 1358 901 1419 rt
923 1356 1017 1424 ratio,
1033 1355 1163 1439 oblique
1185 1357 1399 1440 significetur,
1425 1359 1470 1422 ud

182 1462 330 1527 alterurn
363 1461 599 1526 sententiarum
635 1464 908 1529 secundariorum
945 1466 1073 1530 modern
1111 1466 1335 1532 coniunctiores
1373 1471 1466 1531 unte-

184 1570 312 1635 cedente
321 1569 505 1652 praeterito
521 1573 659 1653 ternpore
672 1575 745 1654 post
769 1572 889 1654 „eruor
911 1573 1036 1655 positas
1061 1593 1125 1638 esse
1141 1572 1270 1636 videtur
1286 1578 1319 1637 et
1335 1571 1466 1655 quidem

398 1677 432 1763 e)
455 1678 634 1761 praemisso
655 1678 844 1761 pronomine
868 1679 1118 1752 demonstrativo

192 1782 275 1865 XIV,
300 1794 346 1863 11,
373 1788 430 1848 22:
456 1783 614 1852 haetenus
637 1784 741 1849 valuit
760 1784 851 1867 loqui
866 1786 950 1869 quod
964 1784 1137 1870 plerosque
1152 1785 1310 1850 incitante
1326 1789 1467 1870 coniuge

342 1892 544 1976 imputaverit

189 1997 283 2079 XXV,
307 2003 337 2079 4,
365 2004 400 2067 2:
424 1999 544 2084 legitur
568 1998 761 2082 Sophoclem
882 2001 1121 2084 interrogatum
1241 2002 1279 2065 te
1300 2001 1466 2079 adiecisse,

343 2109 428 2192 quod
448 2109 606 2192 penderet
627 2108 743 2172 harum
767 2129 877 2174 rerum
901 2128 1045 2174 amorem
1066 2115 1103 2174 ut
1119 2107 1285 2172 rabiosum
1303 2109 1465 2192 quendam

344 2214 495 2300 effugisse
519 2215 684 2280 dominum

186 2320 280 2401 XXV,
310 2327 360 2401 10,
388 2327 446 2387 16;
471 2322 643 2388 dicebatur
660 2374 666 2387 .
681 2375 689 2391 ,
704 2375 711 2389 .
728 2323 951 2388 Varronianus
969 2375 975 2389 .
991 2375 1018 2388 ..
1043 2323 1222 2408 praescisse
1246 2322 1335 2406 quod
1358 2325 1466 2389 evenit

344 2429 443 2514 idque
468 2430 595 2496 duobus
619 2431 731 2495 amicis
755 2431 951 2495 commisisse
975 2431 1033 2496 illo
1056 2430 1184 2495 adiecto
1201 2432 1285 2514 qnod
1303 2431 1366 2514 ipsi
1384 2454 1464 2515 quo-

345 2558 408 2620 que
433 2538 618 2619 deferretur
640 2537 757 2602 trabea
782 2537 962 2601 consularis

272 2645 378 2729 (Quae
409 2644 473 2708 tria
502 2644 651 2727 exempla
684 2644 753 2710 sola
783 2645 961 2727 praemisso
993 2645 1177 2729 pronomini
1207 2645 1464 2712 demonstrativo

186 2750 389 2814 coniunctivo
413 2749 509 2815 modo
534 2750 689 2816 adiuncta
712 2749 812 2838 sunt.)

381 2881 385 2888 ’
397 2863 430 2943 β)
455 2860 567 2925 omisso
588 2861 777 2943 procuratae
802 2859 1067 2924 demonstrativo:

187 2963 270 3045 XXI,
299 2975 349 3042 13,
378 2974 409 3030 7:
435 2964 556 3030 solacio
579 2987 643 3029 uno
663 2965 918 3044 sustentabatur,
944 2969 1029 3049 quod
1138 2971 1342 3053 superaverit
1356 2974 1464 3032 motus

186 3070 270 3152 XXI,
304 3080 355 3148 14,
387 3080 425 3135 2:
456 3073 621 3138 confessus
646 3079 696 3138 est
817 3077 901 3158 quod
923 3081 1089 3158 tamquam
1116 3076 1280 3141 desolatus
1304 3085 1465 3140 secretum

345 3179 470 3262 aliquid
494 3178 603 3245 videre
627 3182 759 3246 desierit

186 3285 287 3364 XXII,
314 3291 344 3362 4,
371 3290 406 3349 6:
433 3307 505 3351 cum
529 3290 687 3372 scriptum
711 3289 763 3366 sit,
882 3291 967 3373 quod
988 3290 1175 3373 procinctus
1199 3295 1347 3372 tempore
1364 3311 1464 3356 ersus

344 3393 387 3458 sit
410 3391 514 3459 videri
1477 3373 1483 3397 l

186 3499 300 3579 XXIV,
327 3506 357 3581 6,
390 3506 424 3564 5:
462 3524 559 3568 naves
683 3501 947 3586 conflagrassent,
980 3503 1014 3567 ni
1133 3503 1314 3586 imperator
1337 3504 1464 3587 signum

344 3609 405 3673 sibi
430 3610 542 3674 datum
566 3618 706 3687 nostroe,
730 3611 813 3695 qnod
834 3612 994 3693 margines
1011 3609 1074 3672 iam
1093 3614 1240 3674 terrerent
1256 3661 1261 3673 .
1278 3661 1305 3677 ..
1324 3612 1465 3674 erexisse

345 3716 549 3799 proclamans
649 3719 811 3801 adegisset

185 3820 335 3903 XXVIII,
361 3833 391 3903 6,
418 3833 472 3889 19;
502 3846 536 3889 se
560 3845 690 3908 quoque
713 3847 789 3890 mox
812 3823 934 3889 referre
958 3821 1109 3902 firmavit,
1135 3826 1221 3909 qaod
1243 3826 1359 3890 missus

345 3933 533 3998 donativum
556 3933 669 3997 militis
693 3955 787 3998 omne
811 3933 843 3997 in
869 3938 1023 4016 quaestus
1048 3938 1204 3999 everterit
1226 3934 1386 4018 proprios.

275 4039 508 4106 Ehrismannus
532 4049 565 4105 et
587 4041 665 4124 ipse,
691 4062 764 4106 cnm
787 4046 947 4104 tractaret
972 4037 1011 4102 de
1028 4046 1211 4124 temporum
1228 4063 1289 4106 usu
1305 4043 1338 4104 in
1354 4041 1467 4105 huius-

185 4145 274 4210 modi
303 4149 487 4226 sententiis,
516 4147 604 4212 locos
635 4146 768 4230 collegit
796 4144 884 4231 (pag.
911 4148 985 4235 68),
1018 4147 1138 4232 quibus
1165 4146 1360 4232 particulam
1384 4149 1469 4231 qnod

186 4253 408 4319 coniunctium
418 4254 575 4337 sequitur,
600 4252 680 4318 Cum
690 4259 799 4319 autem
812 4277 876 4319 non
890 4276 999 4319 omnes
1012 4255 1031 4319 l.
1045 4277 1249 4321 enumerasse
1261 4255 1466 4339 profiteatur,

184 4361 405 4444 praetermisit
427 4360 513 4441 XVI,
540 4371 569 4438 6,
596 4373 631 4442 1;
656 4361 742 4439 XIX,
771 4373 799 4442 1,
824 4367 859 4442 43
884 4361 982 4441 XXV,
1011 4371 1062 4443 10,
1090 4374 1147 4443 16;
1169 4361 1326 4438 XXVIII,
1354 4373 1382 4442 1,
1411 4373 1467 4452 193

1289 4472 1305 4522 4
