3282 4918
812 215 853 278 15

273 394 452 476 Reliquum
481 400 546 470 est,
579 399 616 457 ut
643 392 706 458 hoc
735 394 806 459 loco
838 395 1024 460 accuratius
1053 391 1245 474 investigem
1275 389 1372 454 aliam
1397 411 1476 468 rem,

186 525 278 586 quae,
305 523 507 586 quamquam
531 502 661 564 minime
685 523 769 566 nova
794 507 857 580 est,
892 501 980 585 quod
1005 499 1125 581 legenti
1150 497 1252 562 libros
1276 497 1473 561 creberrime

185 610 340 688 occurrit,
369 613 553 672 memoratu
578 606 677 690 digna
701 607 841 672 videtur.

277 715 316 780 Id
334 716 421 780 enirn
435 711 598 798 quodiam
612 712 700 798 apud
713 713 911 792 Ciceronem,
931 713 1113 795 Caesarem,
1126 715 1264 794 Livium,
1284 713 1474 778 Sallustium

186 822 470 900 animadvertitur,
494 822 600 886 omitti
618 821 782 887 interdum
799 824 832 886 in
847 822 1000 887 infinitivi
1016 845 1089 888 cum
1108 824 1294 889 accusativo
1311 829 1480 887 structura

187 932 372 996 subiectum
392 951 435 1007 sc,
460 929 647 1012 saepissime
664 929 795 1010 facturn
806 952 875 996 esse
891 931 924 994 in
940 931 1104 1016 Ammiani
1119 930 1212 994 libris
1230 931 1476 1013 cognoscebam.

189 1038 305 1120 Neque
321 1043 379 1116 est,
395 1056 453 1100 cur
469 1036 634 1100 1611616111.
664 1036 825 1101 Graecum
843 1039 931 1102 enim
945 1040 1077 1102 natione
1094 1037 1301 1100 Ammianum
1318 1059 1387 1101 esse
1404 1058 1478 1100 cum

193 1145 331 1208 sciamus
355 1143 487 1228 (XXXI,
524 1149 578 1222 16,
610 1145 661 1230 9),
694 1143 790 1208 166116
822 1145 1041 1228 intellegimus
1073 1166 1146 1210 eum
1171 1144 1316 1209 Graecae
1345 1143 1479 1226 linguae

195 1251 378 1316 solutIorem
396 1256 430 1315 ct
445 1248 614 1330 laxiorem,
640 1257 678 1315 ut
693 1252 741 1315 ita
758 1249 875 1332 dicam,
900 1252 1054 1317 infinitivi
1071 1274 1098 1320 c.
1116 1274 1183 1317 acc.
1201 1233 1479 1316 constructionem

192 1357 396 1422 transtulisse
420 1357 455 1421 in
479 1379 661 1422 sermonem
685 1359 835 1423 latinum.

275 1465 395 1530 Dicit
418 1470 556 1531 autem
581 1465 629 1531 de
652 1472 747 1530 tota
770 1466 844 1530 hac
867 1488 909 1530 re
933 1465 1146 1531 Ki'rhnerus
1170 1465 1228 1551 (11.
1251 1488 1282 1550 p.
1309 1470 1372 1530 516
1397 1465 1477 1552 sq.):

191 1574 289 1656 „Die
312 1573 644 1652 Ρ16661666166,
674 1580 731 1654 te,
761 1595 818 1654 se,
843 1593 934 1652 nos,
959 1595 1046 1653 vos,
1071 1574 1371 1652 seltenereum,
1396 1594 1479 1653 eos,

188 1681 369 1760 werden,
393 1681 595 1746 wennauf
616 1680 850 1745 denselben
870 1680 1224 1745 keiuNachdruck
1247 1681 1371 1763 liegt,
1402 1679 1480 1744 und

189 1789 247 1852 sie
283 1786 419 1852 leicht
454 1810 524 1853 aus
556 1789 644 1853 dem
677 1788 1061 1871 Zusammeuhange
1099 1793 1280 1872 erg'anzt
1313 1787 1480 1851 werden

190 1895 369 1974 1166666,
403 1896 605 1960 6111161166
635 1897 674 1959 16
711 1894 784 1960 der
806 1895 1112 1960 Konstruktion
1144 1895 1216 1960 des
1241 1897 1328 1960 Ace.
1355 1917 1379 1961 c.
1406 1893 1480 1961 Inf.

188 2003 507 2092 weggelassen.“
535 2002 739 2068 Crebcrrime
752 2003 815 2067 hoc
837 2001 908 2067 fieri
922 2003 1027 2082 docet,
1045 2025 1119 2068 cum
1136 2003 1222 2068 idem
1236 2005 1279 2068 sit
1295 2001 1477 2066 subiectum

187 2108 296 2188 verbi,
326 2131 366 2173 ex
391 2130 456 2194 quo
480 2109 658 2176 infinitivus
689 2111 825 2194 pendet,
856 2116 889 2175 et
918 2112 1021 2194 ipsius
1050 2112 1232 2175 sententiae
1261 2111 1319 2175 inf.
1352 2132 1377 2176 c.
1410 2131 1477 2173 acc.

188 2220 358 2282 structura
374 2216 560 2298 adiunctae,
586 2217 672 2301 quod
689 2226 910 2303 praeceptum,
933 2239 1006 2282 cum
1024 2217 1063 2281 de
1079 2217 1231 2282 reflexivo
1248 2239 1342 2301 pron.
1358 2239 1392 2282 sc
1408 2216 1478 2280 solo

189 2323 242 2389 hic
266 2325 431 2408 agendum
454 2327 508 2405 sit,
532 2327 566 2390 in
591 2327 709 2406 omnia,
735 2348 819 2409 quae
843 2325 1032 2404 afferentur,
1058 2324 1202 2410 quadrat
1225 2323 1416 2409 exemplar)
1541 2377 1542 2380 ,

279 2431 370 2498 Haec
385 2434 581 2517 pronomina
598 2455 671 2498 curn
689 2433 804 2498 crebro
821 2434 1016 2497 omittantur
1032 2453 1053 2496 a
1071 2431 1221 2510 Caesare,
1242 2430 1343 2508 Livio,
1366 2431 1483 2514 priscis

189 2540 424 2624 scriptoribus,
459 2562 534 2604 raro
566 2540 765 2605 aSallustio
798 2541 841 2626 (v.
865 2539 1001 2604 Xfihner
1030 2539 1052 2604 l.
1085 2541 1139 2626 6.),
1175 2537 1292 2602 desunt
1315 2538 1480 2602 rarissime

190 2646 279 2728 apud
297 2645 485 2711 Ciceronem
502 2668 608 2730 neque
624 2655 769 2730 unquam
785 2647 853 2712 fere
869 2648 931 2711 nisi
947 2652 1023 2729 post
1038 2646 1153 2710 verba:
1181 2647 1321 2724 dicendi,
1340 2646 1481 2726 fatendi,

189 2753 344 2836 aspondi,
361 2755 519 2835 potandi,
542 2755 699 2836 sperandi
723 2754 906 2836 confitendi,
931 2755 1004 2819 alic
1028 2755 1185 2819 eiusmodi
1207 2755 1314 2819 cerba.

281 2859 471 2925 Ammianus
503 2882 579 2924 vero
613 2867 645 2925 et
675 2861 744 2942 ipse
775 2863 808 2925 in
841 2883 868 2927 o.
900 2883 928 2927 o.
959 2883 1137 2944 pronomen
1168 2884 1201 2927 sc
1234 2861 1373 2926 subiecti
1408 2861 1480 2924 loco

192 2966 300 3030 omisIt

290 3075 324 3158 6)
343 3080 419 3156 post
440 3077 555 3140 verba:
586 3076 703 3140 testari
725 3074 847 3153 XVIII,
881 3085 911 3155 2,
945 3080 980 3154 8,
1014 3074 1131 3154 XXIV,
1165 3079 1194 3154 6,
1226 3075 1291 3160 17),
1320 3075 1425 3156 fateri
1453 3079 1483 3138 et

350 3183 496 3264 confiteri
520 3181 655 3265 (XVIII,
689 3188 718 3262 3,
751 3188 789 3263 43
823 3183 940 3262 XXIX,
975 3187 1003 3260 2,
1033 3188 1088 3263 19,
1121 3189 1236 3247 contra
1260 3181 1328 3258 XV,
1366 3187 1395 3260 3,
1424 3187 1479 3245 ll:

353 3289 492 3354 confessi
516 3290 602 3354 inter
621 3289 734 3373 epulas
750 3289 939 3374 petulanter
954 3311 988 3356 sc
1004 3289 1166 3373 quaedam
1183 3289 1325 3368 locutos3
1343 3293 1480 3372 propter

353 3397 507 3460 omissum
530 3397 587 3461 inf.
613 3419 678 3464 esse
701 3421 730 3464 v.
754 3399 841 3462 infra
866 3397 943 3484 (sub
967 3398 1014 3462 lit.
1039 3397 1081 3483 6.)
1106 3395 1409 3481 Κ11116611161116),

284 3506 322 3592 11)
348 3507 424 3570 Item
443 3512 517 3587 post
539 3509 636 3572 verbo
645 3509 838 3589 pellicandi,
864 3509 900 3586 si,
926 3506 959 3570 id
977 3505 1065 3589 quod
1082 3505 1257 3570 Kiihnerus
1274 3503 1355 3568 dicit
1372 3527 1481 3570 exem-

349 3613 479 3696 plisque
505 3613 611 3698 (Caes.
640 3614 670 3679 b.
699 3614 736 3680 G.
762 3623 792 3694 4,
827 3620 878 3694 21,
905 3621 938 3694 5,
973 3619 1002 3693 6,
1036 3619 1065 3693 9,
1093 3615 1127 3697 7)
1151 3613 1260 3677 allatis
1284 3613 1418 3696 probat,
1443 3635 1482 3678 ea

350 3723 531 3803 praesentis
555 3723 713 3806 temporIs
738 3722 917 3787 infinitivus
942 3723 1100 3805 sequitur,
1125 3726 1162 3784 ut
1179 3721 1278 3784 estin
1294 3720 1399 3799 XVII,
1431 3727 1480 3802 12,

354 3832 408 3906 11,
439 3828 527 3908 XXI,
557 3835 588 3908 4,
614 3835 649 3911 3,
680 3830 785 3911 XXII,
818 3837 847 3910 7,
882 3829 1069 3917 5;XXllI,
1103 3835 1131 3908 5,
1166 3833 1203 3910 6,
1234 3828 1351 3907 XXIV,
1386 3835 1415 3908 5,
1443 3836 1479 3910 4,

350 3935 448 4016 XXV,
467 3942 496 4017 6,
518 3942 573 4016 15,
599 3937 750 4018 XXVIII,
772 3946 798 4018 l,
823 3943 881 4020 53,
907 3936 1063 4015 XXVIII,
1082 3941 1111 4016 5,
1141 3941 1196 4017 10,
1222 3936 1340 4016 XXIX,
1367 3941 1395 4013 2,
1422 3941 1479 4017 27,

350 4041 466 4122 XXIX,
493 4054 521 4122 5,
552 4049 587 4120 8,
618 4044 735 4124 XXXI,
766 4050 814 4123 12,
849 4047 886 4110 15
919 4043 976 4130 (cf.
1002 4045 1201 4128 Kalleuberg
1224 4067 1255 4128 p.
1282 4046 1359 4130 20),
1393 4043 1479 4109 idem

349 4149 437 4215 valet
453 4151 492 4215 de
509 4149 593 4216 binis
610 4152 689 4216 locis
707 4152 897 4216 verborum:
923 4153 1080 4233 spondere
1098 4154 1215 4234 (XVII,
1236 4157 1286 4228 12,
1313 4160 1344 4230 1,
1362 4153 1479 4233 XXIX,

188 4271 378 4278 ,.--—-...-.-

225 4313 249 4381 1)
268 4315 300 4365 cI.
314 4317 392 4364 etiarn
405 4317 506 4380 Zumpt,
526 4317 681 4367 lateinische
696 4317 867 4380 Grammatilr,
889 4317 977 4366 Berlin
995 4317 1067 4379 1844.
1088 4349 1120 4356 -
1141 4318 1295 4381 Euglmann,
1317 4317 1479 4366 Grarnnratik

262 4405 308 4453 der
326 4406 496 4458 lateinischeu
517 4407 641 4472 Sprache,
662 4419 697 4458 12.
717 4410 784 4460 Anll.
804 4405 821 4472 ξ
842 4419 897 4472 253,
918 4409 949 4458 Α.
970 4419 992 4472 5.
