3282 4918
797 165 842 233 50
956 113 961 120 .

64 416 68 430 ,
180 340 281 422 XXX,
306 346 336 421 4,
363 351 391 408 2.
432 341 554 408 Contra
578 343 689 422 exiis,
716 364 797 427 quos
822 344 943 421 citavit,
971 352 1021 412 17,
1048 353 1077 424 1,
1105 354 1162 425 123
1190 351 1239 413 20.
1266 356 1296 426 8,
1323 352 1381 427 223
1407 357 1458 413 21.

181 457 211 527 7,
244 458 280 528 3;
315 457 503 530 21.10,2;
536 459 587 515 24.
614 455 643 530 7,
675 444 870 515 3111111111
895 471 922 518 ο.
947 472 975 519 ο.
998 473 1064 517 101
1086 454 1269 536 pertinent,
1303 459 1408 540 117,
1442 458 1459 518 5

144 561 148 568 '
180 557 309 622 omnino
340 561 431 622 caret
459 557 663 622 coniunctivo
693 556 789 622 modo
821 556 946 643 („qu0d
1071 558 1115 624 ad
1138 581 1241 644 aquas
1265 559 1374 626 redire
1397 581 1460 625 non

179 665 304 749 poterit
333 664 473 752 miles“).
524 663 589 730 Sed
614 684 699 748 quae
723 663 764 729 de
787 668 971 748 temporum
994 685 1056 730 usu
1085 688 1119 732 se
1147 667 1339 734 observasse
1371 665 1460 747 dicit,

181 772 288 837 omnia
319 771 400 840 mihi
428 771 611 858 probantur
641 779 773 858 praeter
803 772 838 837 id
867 771 955 855 quod
984 771 1187 838 Ammianum
1217 774 1355 858 perfecti
1385 795 1463 840 con-

180 879 322 945 iunctivo
346 902 440 945 usum
464 902 533 970 csse
558 881 727 947 contendit
749 886 829 960 tum,
855 901 928 945 cum
951 880 985 944 in
1009 880 1137 946 directa
1161 881 1310 946 oratione
1333 888 1462 966 tempus

180 988 395 1070 praeteritum
417 988 603 1073 ponendum
627 995 720 1055 esset.
766 987 850 1052 Nam
877 987 954 1052 huic
976 987 1042 1071 legi
1065 995 1228 1073 repugnat
1252 987 1339 1072 quod
1363 1009 1463 1072 supra

179 1093 280 1167 attuli
304 1095 487 1180 exemplum
510 1097 661 1177 XXVIII,
690 1107 719 1177 1,
746 1104 796 1163 19.

267 1203 371 1268 Locos
395 1204 496 1288 igitur
519 1205 592 1270 illos
617 1214 657 1271 21
683 1225 711 1272 o.
744 1202 912 1288 obliquae,
944 1202 1063 1288 quibus
1094 1203 1317 1270 coniunctivus
1346 1203 1463 1269 modus

91 1383 99 1398 κ
179 1331 253 1375 cum
282 1313 367 1396 qaod
394 1313 558 1396 particula
588 1314 778 1379 coniunctus
812 1317 877 1391 cst,
909 1309 1150 1377 considerantes
1178 1315 1211 1375 et
1234 1317 1463 1395 comparantes

64 1495 66 1500 η
158 1416 333 1493 ,docemur
356 1421 503 1502 primam
526 1399 738 1504 Kallenbergi
766 1419 849 1485 illud
876 1425 1088 1503 praeceptum
1119 1417 1154 1504 (l.
1186 1440 1212 1483 c.
1237 1439 1267 1501 p.
1294 1428 1333 1485 16
1358 1419 1462 1507 infra)

178 1521 313 1606 firmari,
345 1527 462 1594 deinde
483 1529 666 1614 imperfecti
690 1526 930 1593 coniunctivum
955 1523 1024 1592 esse
1047 1524 1240 1610 plerumque
1263 1549 1323 1611 pro
1348 1527 1462 1608 futuri,

179 1633 286 1699 rarius
302 1634 485 1716 praesentis
500 1635 676 1701 indicativo
694 1655 722 1703 o.
738 1639 857 1713 rectae,
875 1654 940 1698 uno
956 1633 1028 1700 loco
1045 1632 1178 1721 (XXIX,
1196 1639 1225 1714 2,
1249 1636 1282 1722 9)
1297 1639 1463 1699 retentum
1523 1715 1525 1719 ι

179 1761 248 1806 esse
272 1763 425 1824 praesens
448 1742 618 1831 tempus,¹)
650 1748 717 1809 tam
739 1763 799 1827 pro
823 1741 1137 1833 plusquamperfecti
1161 1742 1376 1822 coniunctivo,
1406 1764 1463 1807 ex-

154 1935 156 1945 ,
179 1853 273 1932 cepto
297 1871 361 1915 unc
382 1850 455 1916 loco
473 1839 637 1934 (XXVIII,
665 1860 693 1930 1,
720 1851 776 1937 19)
794 1830 937 1935 positum
962 1871 1031 1914 esse
1053 1849 1193 1935 perfecti
1209 1850 1461 1930 coniunctivum,

178 1955 292 2021 sedin
315 1957 376 2022 tali
398 1963 528 2022 tantum
552 1979 660 2038 causa,
685 1958 718 2022 in
742 1979 817 2042 qua,
843 1959 871 2022 si
894 1963 980 2024 esset
1000 1979 1027 2024 0.
1043 1962 1145 2038 recta,
1168 1955 1351 2040 perfectum
1366 1978 1462 2040 prae-

178 2084 251 2128 sens
275 2064 417 2146 posituri
442 2071 536 2145 esset,
561 2062 661 2147 idque
685 2086 812 2148 semper
836 2064 959 2131 factum
987 2085 1074 2144 esse,
1100 2085 1175 2129 nam
1198 2062 1270 2129 loco
1298 2063 1461 2146 ,adscitus

180 2176 283 2238 esset“
316 2171 482 2256 (XXVIII,
510 2182 539 2253 1,
566 2175 620 2260 19)
653 2172 688 2235 11
712 2192 740 2239 ο.
768 2176 860 2237 recta
885 2171 1071 2255 ponendum
1097 2176 1147 2237 est
1168 2171 1349 2256 perfectum
1369 2172 1463 2256 ,quod

179 2277 300 2344 dicitur
323 2279 525 2372 historicum.

267 2494 353 2562 Illud
369 2500 589 2580 praeceptum,
617 2494 705 2578 quod
722 2493 926 2560 Ammianum
943 2499 1088 2559 secutum
1106 2515 1175 2560 esse
1192 2495 1342 2578 equidem
1359 2516 1459 2578 supra

179 2599 267 2688 (pag.
291 2605 348 2686 47)
367 2603 528 2684 contendi,
554 2602 750 2688 particulam
765 2602 849 2686 qaod
865 2601 1015 2684 coniungi
1033 2599 1137 2666 solere
1154 2623 1226 2667 curn
1244 2603 1457 2682 coniunctivo,

178 2731 250 2775 cum
275 2711 435 2776 sententia
458 2712 501 2776 sit
523 2709 675 2794 apodosis
700 2709 861 2774 enuntiati
886 2708 1127 2788 condicionalis,
1152 2709 1224 2775 tolli
1243 2708 1371 2775 videtur
1387 2709 1456 2776 lor-o

177 2816 254 2898 XV,
289 2821 326 2899 5,
360 2824 378 2881 7
388 2840 394 2882 :
431 2819 618 2884 testabatur
739 2816 774 2880 id
797 2837 831 2882 se
854 2817 969 2900 procul
997 2817 1095 2883 dubio
1127 2819 1210 2884 scire
1241 2819 1341 2903 qaod,
1372 2817 1458 2901 siqui

340 2926 526 2990 mitteretur
559 2931 721 3004 externus,
755 2929 870 3007 suopte
893 2925 1021 3008 ingenio
1041 2924 1196 2990 ¹Silvanus
1313 2924 1460 2989 timidior

340 3033 508 3117 conposita
532 3032 616 3099 forte
640 3029 827 3118 turbabit.²)

267 3139 331 3205 Sed
355 3140 451 3205 facile
474 3139 676 3224 intellegitur
700 3139 895 3223 scriptorem
920 3142 953 3203 et
975 3138 1032 3202 illo
1061 3138 1331 3223 ,proculdubio“
1348 3138 1459 3224 ethos

178 3245 354 3313 indicativo
371 3247 467 3312 modo
489 3245 672 3331 significare
690 3245 841 3326 voluisse,
867 3253 1069 3331 quantopere
1093 3269 1283 3331 persuasum
1306 3246 1460 3312 habuerit

179 3359 333 3439 certoque
363 3356 494 3421 sciverit
518 3355 716 3420 Malarichus
746 3375 795 3432 ea,
828 3374 912 3437 quae
943 3354 1013 3419 fore
1043 3354 1267 3438 praedixerat,
1303 3361 1459 3419 eventura

178 3482 256 3527 esse.
304 3461 411 3546 Atque
441 3462 528 3528 hunc
560 3461 770 3527 indicativum
794 3469 883 3527 recte
914 3461 993 3546 legi,
1026 3483 1225 3547 quamquam
1253 3463 1281 3528 G
1313 3465 1460 3529 turbarat

176 3569 323 3654 praebet,
350 3570 399 3635 his
422 3572 536 3654 paucis
560 3569 744 3655 apparebit.
770 3568 962 3646 ‚Gelenium
988 3571 1072 3634 enim
1096 3570 1163 3636 fere
1188 3577 1312 3636 certum
1336 3575 1385 3636 cst
1408 3571 1457 3635 in-

177 3678 301 3743 venisse
325 3679 359 3742 in
383 3680 452 3744 cod.
469 3677 691 3744 Hersieldensi
711 3676 911 3758 ,turbauit“,
937 3677 1014 3759 quia
1038 3677 1166 3742 Videm
1190 3677 1329 3754 exhibet,
1356 3685 1389 3742 et
1412 3677 1456 3757 id,

178 3807 251 3850 cum
278 3787 313 3850 in
343 3807 472 3851 sensum
502 3809 567 3852 non
596 3785 791 3870 quadraret,
824 3808 864 3851 ex
895 3785 1019 3852 usitata
1049 3787 1222 3852 struendae
1252 3806 1280 3851 o.
1305 3784 1457 3868 obliquae

177 3895 303 3959 ratione
327 3896 502 3962 mutavisse
525 3896 559 3960 in
585 3894 787 3976 ,1111111111Ι
835 3891 888 3958 Sic
911 3914 980 3958 rem
1004 3892 1184 3977 sehabere
1208 3892 1307 3958 ctiam
1337 3892 1457 3973 proba-

176 3999 275 4065 bilius
299 3999 337 4065 111
360 4007 393 4066 11
416 4002 559 4067 maxima
582 3999 814 4082 similitudine,
848 4022 933 4085 quae
956 4007 1048 4067 extat
1071 4001 1105 4065 in
1128 4001 1314 4066 litterarum
1337 4023 1356 4064 v
1379 4006 1412 4065 et
1434 3998 1455 4063 b

176 4106 421 4173 scribendarum
444 4131 505 4174 usu
529 4115 562 4174 et
585 4110 640 4191 eis,
666 4110 785 4194 quibus
809 4107 980 4176 Gelonium
996 4110 1030 4174 in
1045 4107 1190 4174 curanda
1207 4106 1350 4173 editione
1365 4129 1456 4191 pres·

176 4226 351 4240 -,—....

212 4272 233 4338 Ι)
252 4275 343 4323 Altero
363 4276 380 4323 1.
401 4274 427 4321 id
448 4273 544 4322 factum
565 4291 621 4324 esse
641 4276 730 4324 videas
750 4292 811 4339 pag.
832 4287 870 4339 51:
892 4275 975 4338 XXX,
996 4288 1020 4338 2,
1039 4287 1065 4334 4.

211 4362 234 4430 2)
254 4365 368 4412 turbauit
387 4363 410 4410 V
430 4365 545 4412 turbaret
565 4365 597 4412 G.
