3282 4918
686 116 688 137 '
715 143 926 240 ..11,

178 343 217 384 61(
237 341 266 387 o.
284 317 417 402 obliqua
433 319 466 382 in
482 323 605 384 rectam
622 320 687 384 slve
711 321 880 402 scriptoris
903 320 968 384 siue
991 319 1154 403 loquentis
1177 343 1272 404 saepe
1296 323 1458 387 imitatum

178 449 248 493 esse
265 431 296 490 et
313 426 500 492 libertatem
519 425 689 491 modorum
707 429 900 496 variantium
917 449 934 491 e
952 427 1077 493 Graeco
1094 448 1240 493 sermone
1256 429 1290 493 in
1307 429 1457 494 Latinum
1514 419 1521 444 '

179 533 386 598 transtulisse
410 534 449 597 iis
472 535 677 618 potissImum
699 535 794 614 16616,
828 534 946 620 quibus
975 556 1040 600 non
1064 557 1115 602 res
1138 542 1247 618 gestae
1272 543 1457 612 narrantur,

177 640 237 711 sed
261 641 405 706 diversae
430 662 513 724 quae
537 641 695 706 extabant
719 642 759 707 (16
775 643 874 726 alqua
890 665 925 708 re
942 639 1121 708 sententiae
1138 645 1351 728 explicantur.
1389 647 1459 722 Qua

178 771 214 813 re
238 748 281 814 ad
306 769 376 811 eam
401 755 601 814 structuram
624 749 777 814 inductus
801 751 852 828 sit,
878 772 943 814 nou
966 749 1057 818 latet.
1106 751 1187 815 (111111
1212 753 1295 816 enim
1319 751 1458 817 aliorum

179 855 357 922 sententias
380 855 542 920 iudicaret
565 860 598 920 et
621 877 694 921 cum
719 878 778 921 sua
795 856 966 938 conferret,
991 856 1085 923 facile
1102 859 1217 937 evenit,
1243 865 1280 923 ut
1296 857 1408 924 modos
1424 860 1457 923 in

179 963 244 1027 illis
269 984 393 1048 suaque
416 963 518 1045 ipsius
542 962 747 1046 proferendis
763 965 922 1029 misceret.

271 1177 316 1243 Ut
345 1201 365 1244 a
395 1179 512 1244 ceteris
544 1178 692 1244 omnibus
724 1179 940 1264 scriptoribus
970 1178 1036 1244 fere
1068 1201 1194 1264 semper
1223 1178 1265 1245 ab
1291 1180 1458 1245 Ammiano

183 1275 381 1372 quamquam
406 1286 512 1352 rarius
535 1287 569 1350 in
594 1308 621 1352 o.
648 1308 676 1351 o.
700 1292 877 1370 usurpatus
902 1292 951 1350 est

666 1466 703 1536 II.
728 1465 972 1536 coniuncttvus.

268 1609 340 1675 Hoc
363 1609 459 1676 modo
484 1616 628 1676 structae
653 1614 729 1674 sunt
753 1629 879 1688 omnes,
913 1629 996 1692 quae
1019 1607 1163 1690 noudum
1187 1615 1350 1674 tractatae
1374 1615 1459 1690 sunt,

183 1718 420 1795 enuntiationes
445 1715 668 1783 secundariae.
1275 1725 1278 1730 '

270 1826 470 1903 Quaeramus
493 1847 579 1890 nuno
603 1846 701 1910 quarn
717 1825 750 1887 in
767 1823 818 1888 his
834 1828 971 1889 sentent.
990 1825 1250 1915 consecutionem
1265 1832 1460 1908 temporum,

180 1953 265 2016 quae
289 1932 358 1997 sola
381 1933 447 1997 iam
469 1931 649 2017 spectanda
671 1939 730 2010 est,
756 1932 897 2014 scriptor
921 1931 1072 1996 tenuerit.

270 2039 433 2105 Disseruit
457 2039 496 2103 de
519 2040 581 2104 hac
604 2061 639 2103 re
663 2039 814 2104 universa
842 2038 999 2103 nonnulla
1030 2045 1160 2104 tantum
1190 2039 1366 2122 eademque
1396 2060 1460 2103 non

179 2148 259 2212 satis
284 2154 437 2212 accurate
460 2147 671 2213 Hassenstein
694 2147 715 2211 l.
740 2169 766 2212 6,
792 2166 866 2230 pag.
893 2150 932 2208 52
958 2167 1005 2229 sq.
1043 2145 1219 2210 Contendit
1240 2147 1275 2209 in
1298 2146 1459 2210 sententia

179 2255 305 2319 minore
337 2255 578 2320 coniunctivum
614 2256 800 2319 continente
831 2252 1037 2317 Ammianum
1071 2259 1182 2318 rectae
1218 2258 1251 2317 et
1285 2258 1459 2318 accuratae

182 2367 365 2446 temporum
383 2363 620 2427 consecutionis
635 2357 761 2426 nullam
776 2360 898 2426 habere
915 2361 1084 2440 rationem,
1112 2383 1184 2426 cum
1202 2361 1331 2445 saepius
1346 2366 1460 2425 utatur

273 2475 299 2535 l.
323 2470 488 2552 praesenti
511 2474 658 2552 tempore
681 2490 741 2552 pro
765 2467 956 2551 imperfecto

271 2583 299 2643 2.
323 2578 468 2660 perfecto
492 2599 552 2660 pro
576 2576 897 2661 plusquamperfecto

273 2692 301 2748 3.
327 2706 391 2749 uno
415 2685 487 2750 loco
511 2684 702 2768 imperfecto
726 2705 786 2768 pro
810 2685 974 2768 praesenti
986 2686 1012 2772 ¹)

270 2799 299 2859 1.
323 2792 509 2876 saepissime
539 2791 684 2874 perfecto
714 2813 774 2875 pro
804 2791 1140 2874 plusquamperfecto,
1173 2791 1279 2855 utris
1304 2789 1462 2856 efficiatur

324 2900 428 2965 futuri
452 2900 568 2963 exacti.

270 3008 313 3072 At
345 3013 542 3092 quamquam
575 3008 725 3072 omIttere
756 3029 790 3072 se
821 3005 942 3070 multas
974 3007 1248 3090 interrogationes
1282 3005 1461 3070 indirectas

179 3115 363 3200 profitetur,
390 3122 500 3180 tamen
524 3113 566 3178 ad
590 3114 817 3198 explicandam
841 3119 874 3178 et
896 3113 1101 3197 probandam
1125 3114 1264 3197 primam
1287 3112 1377 3176 illam
1402 3113 1460 3178 ob-

179 3223 395 3288 servationem
427 3220 609 3304 complures
641 3221 791 3302 adhibet3
825 3222 906 3315 tales
939 3223 1025 3286 enim
1048 3223 1180 3287 suntin
1205 3225 1245 3285 22
1269 3220 1349 3286 Iocis
1374 3222 1416 3287 ad
1443 3228 1455 3284 l

117 3408 121 3419 ι
180 3329 221 3394 ab
247 3353 284 3395 eo
309 3330 437 3396 allatis:
461 3329 583 3408 XVIII,
609 3335 638 3407 8,
665 3335 701 3410 53
726 3329 861 3409 XXVII,
890 3336 938 3407 12,
966 3335 1003 3409 8;
1027 3329 1144 3408 XXIX,
1171 3333 1200 3408 2,
1229 3334 1285 3408 193
1317 3328 1404 3410 XIV,
1431 3336 1461 3410 11,

184 3445 239 3518 13;
268 3445 296 3518 7,
325 3444 379 3518 18;
409 3444 458 3517 10,
483 3445 521 3517 4;
553 3437 674 3517 XVIII,
701 3443 729 3518 5,
758 3444 770 3500 1
800 3437 900 3521 (XIV,
927 3443 956 3516 6,
982 3444 1019 3517 4;
1054 3444 1082 3516 7,
1109 3442 1126 3499 5
1152 3434 1301 3520 equidem
1324 3459 1387 3500 non
1412 3436 1460 3501 in-

180 3547 267 3633 veni)
291 3545 377 3625 XXI,
405 3551 433 3623 5,
464 3551 519 3624 13;
544 3545 649 3625 XXII,
675 3550 704 3623 4,
734 3551 786 3624 10;
813 3545 911 3623 XXV,
937 3551 967 3623 8,
997 3550 1033 3607 12
1059 3545 1163 3628 (locus
1185 3543 1284 3622 XXX,
1313 3549 1341 3621 2,
1368 3550 1387 3608 4
1411 3544 1462 3610 bis

180 3655 299 3720 citatus
323 3654 403 3739 est);
429 3651 551 3716 residui
576 3658 652 3716 sunt
675 3654 775 3735 igitur
804 3659 852 3731 10,
878 3676 894 3717 6
919 3651 1036 3735 quibus
1059 3651 1178 3714 linfra
1202 3651 1369 3732 tractab03
1395 3656 1462 3716 tres

179 3761 338 3846 reIIquos,
376 3782 448 3826 cum
478 3782 544 3826 non
574 3761 639 3824 sint
661 3759 757 3824 huius
788 3781 815 3823 0.
842 3782 888 3840 6.,
920 3759 984 3822 iam
1008 3758 1061 3823 hic
1092 3758 1191 3822 liceat
1213 3757 1462 3842 interpretando

180 3868 362 3935 absolvere:

181 3977 313 4059 XXVII,
347 3983 403 4057 Il,
438 3982 474 4040 5:
511 3975 772 4068 suspiciosus...
797 3972 927 4038 fuit...
952 3971 1192 4054 blandiensque
1215 3971 1404 4048 interdurn,
1434 3974 1470 4030 at

342 4089 459 4151 666661

217 4249 238 4317 1)
257 4252 438 4315 Imperfectum
463 4250 622 4301 coniunctivi
646 4265 725 4313 saepe
749 4247 826 4296 futuri
853 4246 1012 4295 coniunctivi
1037 4247 1134 4299 Iocum
1161 4246 1303 4298 obtinere,
1331 4237 1359 4281 ¹11
1380 4233 1492 4281 evitetur

257 4343 408 4405 conlugatio
427 4342 618 4406 perIphrasIIca
636 4355 661 4404 q.
675 4339 699 4392 d.
720 4345 744 4390 et
763 4337 850 4386 activa
869 4341 894 4384 et
912 4338 1019 4399 passiva
1038 4337 1217 4390 coniunctivi
1239 4327 1323 4379 futuri
1337 4322 1498 4373 Ehrlsmalm

256 4447 317 4496 pag.
337 4444 370 4493 29
390 4431 512 4483 ostendit.
