<?xml version="1.0" encoding="UTF-8"?>
<!DOCTYPE html PUBLIC "-//W3C//DTD XHTML 1.0 Transitional//EN"
    "http://www.w3.org/TR/xhtml1/DTD/xhtml1-transitional.dtd">
<html xmlns="http://www.w3.org/1999/xhtml" xml:lang="en" lang="en">
 <head>
  <title>
</title>
<meta http-equiv="Content-Type" content="text/html;charset=utf-8" />
  <meta name='ocr-system' content='tesseract 3.04.00' />
  <meta name='ocr-capabilities' content='ocr_page ocr_carea ocr_par ocr_line ocrx_word'/>
</head>
<body>
  <div class='ocr_page' id='page_1' title='image "./deammianimarcel00reitgoog_0061.png"; bbox 0 0 3282 4918; ppageno 0'>
   <div class='ocr_carea' id='block_1_1' title="bbox 672 138 818 244">
    <p class='ocr_par' dir='ltr' id='par_1_1' title="bbox 672 138 818 244">
     <span class='ocr_line' id='line_1_1' title="bbox 672 138 818 244; baseline -0.007 0"><span class='ocrx_word' id='word_1_1' title='bbox 672 138 818 244; x_wconf 83' lang='grc'>166</span> 
     </span>
    </p>
   </div>
   <div class='ocr_carea' id='block_1_2' title="bbox 696 267 904 274">
    <p class='ocr_par' dir='ltr' id='par_1_2' title="bbox 696 267 904 274">
     <span class='ocr_line' id='line_1_2' title="bbox 696 267 904 274; baseline 0.01 -2"><span class='ocrx_word' id='word_1_2' title='bbox 696 267 904 274; x_wconf 69' lang='lat' dir='ltr'>——-.---a.—-</span> 
     </span>
    </p>
   </div>
   <div class='ocr_carea' id='block_1_3' title="bbox 135 353 1442 976">
    <p class='ocr_par' dir='ltr' id='par_1_3' title="bbox 161 353 1440 550">
     <span class='ocr_line' id='line_1_3' title="bbox 161 353 1440 443; baseline 0.001 -26"><span class='ocrx_word' id='word_1_3' title='bbox 161 353 203 418; x_wconf 92' lang='lat' dir='ltr'>ab</span> <span class='ocrx_word' id='word_1_4' title='bbox 220 373 268 433; x_wconf 87' lang='lat' dir='ltr'>eo,</span> <span class='ocrx_word' id='word_1_5' title='bbox 294 354 386 418; x_wconf 90' lang='lat' dir='ltr'>cuius</span> <span class='ocrx_word' id='word_1_6' title='bbox 409 355 551 420; x_wconf 88' lang='lat' dir='ltr'>refertur</span> <span class='ocrx_word' id='word_1_7' title='bbox 575 355 691 421; x_wconf 88' lang='lat' dir='ltr'>oratio.</span> <span class='ocrx_word' id='word_1_8' title='bbox 728 354 930 443; x_wconf 82' lang='lat' dir='ltr'>(Andersson</span> <span class='ocrx_word' id='word_1_9' title='bbox 953 376 984 438; x_wconf 91' lang='lat' dir='ltr'>p.</span> <span class='ocrx_word' id='word_1_10' title='bbox 1004 358 1044 418; x_wconf 87' lang='grc'>54</span> <span class='ocrx_word' id='word_1_11' title='bbox 1061 374 1147 437; x_wconf 91' lang='lat' dir='ltr'>sqq.;</span> <span class='ocrx_word' id='word_1_12' title='bbox 1173 354 1309 419; x_wconf 87' lang='lat' dir='ltr'>Kiihner</span> <span class='ocrx_word' id='word_1_13' title='bbox 1324 359 1344 436; x_wconf 63' lang='grc' dir='ltr'>ξ</span> <span class='ocrx_word' id='word_1_14' title='bbox 1362 359 1440 432; x_wconf 82' lang='grc'><strong>239;</strong></span> 
     </span>
     <span class='ocr_line' id='line_1_4' title="bbox 161 460 854 550; baseline 0.006 -26"><span class='ocrx_word' id='word_1_15' title='bbox 161 460 282 544; x_wconf 88' lang='lat' dir='ltr'>Zumpt</span> <span class='ocrx_word' id='word_1_16' title='bbox 304 466 324 540; x_wconf 65' lang='grc' dir='ltr'>ξ</span> <span class='ocrx_word' id='word_1_17' title='bbox 348 465 429 542; x_wconf 89' lang='grc'>603;</span> <span class='ocrx_word' id='word_1_18' title='bbox 454 461 600 546; x_wconf 83' lang='lat' dir='ltr'>Draeger</span> <span class='ocrx_word' id='word_1_19' title='bbox 622 484 654 546; x_wconf 92' lang='lat' dir='ltr'>p.</span> <span class='ocrx_word' id='word_1_20' title='bbox 678 467 743 527; x_wconf 82' lang='lat'>442</span> <span class='ocrx_word' id='word_1_21' title='bbox 768 462 854 550; x_wconf 89' lang='lat' dir='ltr'>sqq.)</span> 
     </span>
    </p>

    <p class='ocr_par' dir='ltr' id='par_1_4' title="bbox 135 551 1442 976">
     <span class='ocr_line' id='line_1_5' title="bbox 250 551 1441 653; baseline 0.002 -21"><span class='ocrx_word' id='word_1_22' title='bbox 250 568 287 632; x_wconf 94' lang='lat' dir='ltr'>ln</span> <span class='ocrx_word' id='word_1_23' title='bbox 312 570 491 634; x_wconf 80' lang='lat' dir='ltr'>indicativo</span> <span class='ocrx_word' id='word_1_24' title='bbox 515 576 551 634; x_wconf 92' lang='lat' dir='ltr'>ut</span> <span class='ocrx_word' id='word_1_25' title='bbox 574 575 739 653; x_wconf 86' lang='lat' dir='ltr'>ponantur</span> <span class='ocrx_word' id='word_1_26' title='bbox 763 591 819 636; x_wconf 90' lang='lat' dir='ltr'>eae</span> <span class='ocrx_word' id='word_1_27' title='bbox 844 551 1025 636; x_wconf 87' lang='lat' dir='ltr'>sententiae</span> <span class='ocrx_word' id='word_1_28' title='bbox 1055 566 1269 634; x_wconf 78' lang='lat' dir='ltr'>secundariae</span> <span class='ocrx_word' id='word_1_29' title='bbox 1299 568 1441 653; x_wconf 83' lang='lat' dir='ltr'>vulgaris</span> 
     </span>
     <span class='ocr_line' id='line_1_6' title="bbox 160 676 1442 761; baseline 0.001 -22"><span class='ocrx_word' id='word_1_30' title='bbox 160 676 213 740; x_wconf 88' lang='lat' dir='ltr'>lex</span> <span class='ocrx_word' id='word_1_31' title='bbox 237 682 287 740; x_wconf 90' lang='lat' dir='ltr'>est</span> <span class='ocrx_word' id='word_1_32' title='bbox 309 677 606 759; x_wconf 85' lang='lat' dir='ltr'>grammaticorum,</span> <span class='ocrx_word' id='word_1_33' title='bbox 632 699 713 761; x_wconf 89' lang='lat' dir='ltr'>quas</span> <span class='ocrx_word' id='word_1_34' title='bbox 729 677 773 743; x_wconf 91' lang='lat' dir='ltr'>ad</span> <span class='ocrx_word' id='word_1_35' title='bbox 788 677 1005 743; x_wconf 89' lang='lat' dir='ltr'>instituendos</span> <span class='ocrx_word' id='word_1_36' title='bbox 1029 697 1084 742; x_wconf 90' lang='lat' dir='ltr'>eos</span> <span class='ocrx_word' id='word_1_37' title='bbox 1100 677 1158 761; x_wconf 91' lang='lat' dir='ltr'>qui</span> <span class='ocrx_word' id='word_1_38' title='bbox 1173 676 1285 760; x_wconf 81' lang='lat' dir='ltr'>legant</span> <span class='ocrx_word' id='word_1_39' title='bbox 1301 677 1442 761; x_wconf 75' lang='lat' dir='ltr'><strong>scriptor</strong></span> 
     </span>
     <span class='ocr_line' id='line_1_7' title="bbox 135 783 1442 867; baseline 0.002 -20"><span class='ocrx_word' id='word_1_40' title='bbox 135 784 229 866; x_wconf 72' lang='lat' dir='ltr'>,ipse</span> <span class='ocrx_word' id='word_1_41' title='bbox 267 783 382 847; x_wconf 90' lang='lat' dir='ltr'>inserit</span> <span class='ocrx_word' id='word_1_42' title='bbox 420 783 562 848; x_wconf 90' lang='lat' dir='ltr'>orationi</span> <span class='ocrx_word' id='word_1_43' title='bbox 600 783 779 867; x_wconf 84' lang='lat' dir='ltr'>obliquae..</span> <span class='ocrx_word' id='word_1_44' title='bbox 822 786 997 850; x_wconf 83' lang='lat' dir='ltr'>Praeterea</span> <span class='ocrx_word' id='word_1_45' title='bbox 1032 785 1132 850; x_wconf 87' lang='lat' dir='ltr'>etiam</span> <span class='ocrx_word' id='word_1_46' title='bbox 1171 805 1226 849; x_wconf 90' lang='lat' dir='ltr'>eas</span> <span class='ocrx_word' id='word_1_47' title='bbox 1264 785 1442 850; x_wconf 87' lang='lat' dir='ltr'>sententias</span> 
     </span>
     <span class='ocr_line' id='line_1_8' title="bbox 160 890 1441 976; baseline 0.001 -21"><span class='ocrx_word' id='word_1_48' title='bbox 160 891 354 974; x_wconf 79' lang='lat' dir='ltr'>Krueperas</span> <span class='ocrx_word' id='word_1_49' title='bbox 369 895 388 971; x_wconf 63' lang='grc' dir='ltr'>ξ</span> <span class='ocrx_word' id='word_1_50' title='bbox 406 895 479 969; x_wconf 82' lang='lat'>652,</span> <span class='ocrx_word' id='word_1_51' title='bbox 499 896 516 954; x_wconf 84' lang='lat'><strong>2</strong></span> <span class='ocrx_word' id='word_1_52' title='bbox 534 893 668 975; x_wconf 89' lang='lat' dir='ltr'>exponit</span> <span class='ocrx_word' id='word_1_53' title='bbox 683 893 848 958; x_wconf 89' lang='lat' dir='ltr'>interdum</span> <span class='ocrx_word' id='word_1_54' title='bbox 872 892 1047 957; x_wconf 88' lang='lat' dir='ltr'>indicativo</span> <span class='ocrx_word' id='word_1_55' title='bbox 1071 890 1168 956; x_wconf 94' lang='lat' dir='ltr'>modo</span> <span class='ocrx_word' id='word_1_56' title='bbox 1192 891 1333 971; x_wconf 84' lang='lat' dir='ltr'>adnecti,</span> <span class='ocrx_word' id='word_1_57' title='bbox 1358 912 1441 976; x_wconf 91' lang='lat' dir='ltr'>quae</span> 
     </span>
    </p>
   </div>
   <div class='ocr_carea' id='block_1_4' title="bbox 131 997 1444 1729">
    <p class='ocr_par' dir='ltr' id='par_1_5' title="bbox 131 997 1444 1729">
     <span class='ocr_line' id='line_1_9' title="bbox 162 997 1443 1083; baseline 0.001 -21"><span class='ocrx_word' id='word_1_58' title='bbox 162 1004 258 1082; x_wconf 88' lang='lat' dir='ltr'>aptae</span> <span class='ocrx_word' id='word_1_59' title='bbox 283 1000 348 1063; x_wconf 92' lang='lat' dir='ltr'>sint</span> <span class='ocrx_word' id='word_1_60' title='bbox 372 1021 388 1063; x_wconf 94' lang='lat' dir='ltr'>e</span> <span class='ocrx_word' id='word_1_61' title='bbox 414 999 611 1082; x_wconf 80' lang='lat' dir='ltr'>cogitatione</span> <span class='ocrx_word' id='word_1_62' title='bbox 642 999 822 1083; x_wconf 72' lang='lat' dir='ltr'>loquentia,</span> <span class='ocrx_word' id='word_1_63' title='bbox 855 1003 955 1082; x_wconf 90' lang='lat' dir='ltr'>atque</span> <span class='ocrx_word' id='word_1_64' title='bbox 986 999 1021 1063; x_wconf 91' lang='lat' dir='ltr'>id</span> <span class='ocrx_word' id='word_1_65' title='bbox 1051 997 1123 1064; x_wconf 91' lang='lat' dir='ltr'>fieri</span> <span class='ocrx_word' id='word_1_66' title='bbox 1156 999 1374 1079; x_wconf 88' lang='lat' dir='ltr'>demonstrat,</span> <span class='ocrx_word' id='word_1_67' title='bbox 1406 1003 1443 1063; x_wconf 90' lang='lat' dir='ltr'>ut</span> 
     </span>
     <span class='ocr_line' id='line_1_10' title="bbox 131 1104 1442 1202; baseline 0.002 -33"><span class='ocrx_word' id='word_1_68' title='bbox 131 1181 138 1202; x_wconf 37' lang='grc' dir='ltr'><em>Ι</em></span> <span class='ocrx_word' id='word_1_69' title='bbox 162 1104 362 1189; x_wconf 84' lang='lat' dir='ltr'>significetur</span> <span class='ocrx_word' id='word_1_70' title='bbox 386 1127 450 1170; x_wconf 91' lang='lat' dir='ltr'>non</span> <span class='ocrx_word' id='word_1_71' title='bbox 474 1106 579 1171; x_wconf 91' lang='lat' dir='ltr'>solum</span> <span class='ocrx_word' id='word_1_72' title='bbox 602 1127 620 1171; x_wconf 92' lang='lat' dir='ltr'>e</span> <span class='ocrx_word' id='word_1_73' title='bbox 645 1107 843 1190; x_wconf 84' lang='lat' dir='ltr'>cogitatione</span> <span class='ocrx_word' id='word_1_74' title='bbox 863 1107 1026 1192; x_wconf 90' lang='lat' dir='ltr'>loquentis</span> <span class='ocrx_word' id='word_1_75' title='bbox 1042 1127 1174 1172; x_wconf 89' lang='lat' dir='ltr'>manare</span> <span class='ocrx_word' id='word_1_76' title='bbox 1192 1127 1239 1185; x_wconf 87' lang='lat' dir='ltr'>ea,</span> <span class='ocrx_word' id='word_1_77' title='bbox 1265 1128 1349 1191; x_wconf 92' lang='lat' dir='ltr'>quae</span> <span class='ocrx_word' id='word_1_78' title='bbox 1364 1128 1442 1191; x_wconf 91' lang='lat' dir='ltr'>pro-</span> 
     </span>
     <span class='ocr_line' id='line_1_11' title="bbox 161 1212 1443 1299; baseline 0.002 -22"><span class='ocrx_word' id='word_1_79' title='bbox 161 1215 320 1293; x_wconf 84' lang='lat' dir='ltr'>feruntur,</span> <span class='ocrx_word' id='word_1_80' title='bbox 346 1213 402 1278; x_wconf 89' lang='lat' dir='ltr'>sed</span> <span class='ocrx_word' id='word_1_81' title='bbox 425 1235 484 1296; x_wconf 91' lang='lat' dir='ltr'>per</span> <span class='ocrx_word' id='word_1_82' title='bbox 508 1236 541 1278; x_wconf 90' lang='lat' dir='ltr'>se</span> <span class='ocrx_word' id='word_1_83' title='bbox 567 1235 635 1278; x_wconf 86' lang='lat' dir='ltr'>esse</span> <span class='ocrx_word' id='word_1_84' title='bbox 659 1221 748 1279; x_wconf 89' lang='lat' dir='ltr'>certa</span> <span class='ocrx_word' id='word_1_85' title='bbox 772 1221 831 1280; x_wconf 91' lang='lat' dir='ltr'>aut</span> <span class='ocrx_word' id='word_1_86' title='bbox 853 1236 967 1280; x_wconf 80' lang='lat' dir='ltr'>revera</span> <span class='ocrx_word' id='word_1_87' title='bbox 991 1220 1093 1299; x_wconf 87' lang='lat' dir='ltr'>gesta.</span> <span class='ocrx_word' id='word_1_88' title='bbox 1133 1212 1293 1279; x_wconf 90' lang='lat' dir='ltr'>Subtilius</span> <span class='ocrx_word' id='word_1_89' title='bbox 1317 1213 1443 1279; x_wconf 88' lang='lat' dir='ltr'>dehac</span> 
     </span>
     <span class='ocr_line' id='line_1_12' title="bbox 160 1320 1443 1404; baseline 0 -20"><span class='ocrx_word' id='word_1_90' title='bbox 160 1342 195 1386; x_wconf 89' lang='lat' dir='ltr'>re</span> <span class='ocrx_word' id='word_1_91' title='bbox 220 1321 288 1403; x_wconf 86' lang='lat' dir='ltr'>agit</span> <span class='ocrx_word' id='word_1_92' title='bbox 303 1320 485 1384; x_wconf 87' lang='lat' dir='ltr'>Ramshorn</span> <span class='ocrx_word' id='word_1_93' title='bbox 498 1320 520 1401; x_wconf 87' lang='lat'>¹)</span> <span class='ocrx_word' id='word_1_94' title='bbox 544 1344 575 1404; x_wconf 90' lang='lat' dir='ltr'>p.</span> <span class='ocrx_word' id='word_1_95' title='bbox 602 1326 674 1399; x_wconf 80' lang='lat'>795,</span> <span class='ocrx_word' id='word_1_96' title='bbox 701 1343 773 1387; x_wconf 92' lang='lat' dir='ltr'>cum</span> <span class='ocrx_word' id='word_1_97' title='bbox 798 1321 891 1387; x_wconf 89' lang='lat' dir='ltr'>dicit:</span> <span class='ocrx_word' id='word_1_98' title='bbox 926 1320 1019 1404; x_wconf 85' lang='lat' dir='ltr'>,Den</span> <span class='ocrx_word' id='word_1_99' title='bbox 1035 1320 1196 1386; x_wconf 88' lang='lat' dir='ltr'>Indicativ</span> <span class='ocrx_word' id='word_1_100' title='bbox 1221 1320 1362 1386; x_wconf 87' lang='lat' dir='ltr'>brauoht</span> <span class='ocrx_word' id='word_1_101' title='bbox 1385 1320 1443 1385; x_wconf 92' lang='lat' dir='ltr'>der</span> 
     </span>
     <span class='ocr_line' id='line_1_13' title="bbox 162 1425 1442 1509; baseline 0.001 -18"><span class='ocrx_word' id='word_1_102' title='bbox 162 1427 320 1492; x_wconf 84' lang='lat' dir='ltr'>Erz&#39;ahler</span> <span class='ocrx_word' id='word_1_103' title='bbox 343 1429 377 1491; x_wconf 91' lang='lat' dir='ltr'>in</span> <span class='ocrx_word' id='word_1_104' title='bbox 400 1427 486 1493; x_wconf 89' lang='lat' dir='ltr'>allen</span> <span class='ocrx_word' id='word_1_105' title='bbox 504 1427 737 1509; x_wconf 79' lang='lat' dir='ltr'>Nebens&#39;atzen,</span> <span class='ocrx_word' id='word_1_106' title='bbox 763 1427 862 1494; x_wconf 92' lang='lat' dir='ltr'>deren</span> <span class='ocrx_word' id='word_1_107' title='bbox 878 1427 990 1493; x_wconf 89' lang='lat' dir='ltr'>Inhalt</span> <span class='ocrx_word' id='word_1_108' title='bbox 1014 1450 1049 1493; x_wconf 91' lang='lat' dir='ltr'>er</span> <span class='ocrx_word' id='word_1_109' title='bbox 1073 1428 1164 1493; x_wconf 89' lang='lat' dir='ltr'>nicht</span> <span class='ocrx_word' id='word_1_110' title='bbox 1187 1427 1235 1492; x_wconf 92' lang='lat' dir='ltr'>als</span> <span class='ocrx_word' id='word_1_111' title='bbox 1253 1425 1442 1508; x_wconf 84' lang='lat' dir='ltr'>Gedanken,</span> 
     </span>
     <span class='ocr_line' id='line_1_14' title="bbox 162 1534 1443 1622; baseline 0.001 -22"><span class='ocrx_word' id='word_1_112' title='bbox 162 1536 302 1600; x_wconf 88' lang='lat' dir='ltr'>sondern</span> <span class='ocrx_word' id='word_1_113' title='bbox 327 1535 375 1600; x_wconf 89' lang='lat' dir='ltr'>als</span> <span class='ocrx_word' id='word_1_114' title='bbox 400 1535 584 1601; x_wconf 90' lang='lat' dir='ltr'>Thatsache</span> <span class='ocrx_word' id='word_1_115' title='bbox 608 1534 786 1600; x_wconf 90' lang='lat' dir='ltr'>darstellen</span> <span class='ocrx_word' id='word_1_116' title='bbox 808 1536 888 1617; x_wconf 86' lang='lat' dir='ltr'>will,</span> <span class='ocrx_word' id='word_1_117' title='bbox 922 1534 1062 1600; x_wconf 75' lang='lat' dir='ltr'>namlich</span> <span class='ocrx_word' id='word_1_118' title='bbox 1087 1536 1121 1622; x_wconf 91' lang='lat' dir='ltr'>a)</span> <span class='ocrx_word' id='word_1_119' title='bbox 1145 1534 1199 1600; x_wconf 90' lang='lat' dir='ltr'>bei</span> <span class='ocrx_word' id='word_1_120' title='bbox 1223 1535 1357 1618; x_wconf 84' lang='lat' dir='ltr'>eigenen</span> <span class='ocrx_word' id='word_1_121' title='bbox 1381 1535 1443 1601; x_wconf 91' lang='lat' dir='ltr'>Be-</span> 
     </span>
     <span class='ocr_line' id='line_1_15' title="bbox 161 1641 1444 1729; baseline 0 -23"><span class='ocrx_word' id='word_1_122' title='bbox 161 1641 362 1726; x_wconf 84' lang='lat' dir='ltr'>merkungen</span> <span class='ocrx_word' id='word_1_123' title='bbox 385 1663 415 1706; x_wconf 93' lang='lat' dir='ltr'>u.</span> <span class='ocrx_word' id='word_1_124' title='bbox 441 1663 464 1708; x_wconf 93' lang='lat' dir='ltr'>s.</span> <span class='ocrx_word' id='word_1_125' title='bbox 490 1665 542 1722; x_wconf 89' lang='lat' dir='ltr'>w.;</span> <span class='ocrx_word' id='word_1_126' title='bbox 561 1642 605 1729; x_wconf 91' lang='lat' dir='ltr'>b)</span> <span class='ocrx_word' id='word_1_127' title='bbox 629 1642 683 1708; x_wconf 91' lang='lat' dir='ltr'>bei</span> <span class='ocrx_word' id='word_1_128' title='bbox 699 1642 1002 1726; x_wconf 83' lang='lat' dir='ltr'>Umschreibungen</span> <span class='ocrx_word' id='word_1_129' title='bbox 1027 1643 1189 1708; x_wconf 81' lang='lat' dir='ltr'>einzelnen</span> <span class='ocrx_word' id='word_1_130' title='bbox 1211 1641 1351 1726; x_wconf 85' lang='lat' dir='ltr'>Begriffe</span> <span class='ocrx_word' id='word_1_131' title='bbox 1375 1643 1444 1708; x_wconf 89' lang='lat' dir='ltr'>und</span> 
     </span>
    </p>
   </div>
   <div class='ocr_carea' id='block_1_5' title="bbox 160 1748 1443 1837">
    <p class='ocr_par' dir='ltr' id='par_1_6' title="bbox 160 1748 1443 1837">
     <span class='ocr_line' id='line_1_16' title="bbox 160 1748 1443 1837; baseline 0.002 -24"><span class='ocrx_word' id='word_1_132' title='bbox 160 1748 214 1814; x_wconf 87' lang='lat' dir='ltr'>bei</span> <span class='ocrx_word' id='word_1_133' title='bbox 239 1749 490 1814; x_wconf 88' lang='lat' dir='ltr'>summarischer</span> <span class='ocrx_word' id='word_1_134' title='bbox 506 1749 678 1836; x_wconf 60' lang='lat' dir='ltr'>ingober)</span> <span class='ocrx_word' id='word_1_135' title='bbox 703 1750 761 1816; x_wconf 89' lang='lat' dir='ltr'>der</span> <span class='ocrx_word' id='word_1_136' title='bbox 776 1750 866 1816; x_wconf 89' lang='lat' dir='ltr'>Rede</span> <span class='ocrx_word' id='word_1_137' title='bbox 890 1751 977 1816; x_wconf 92' lang='lat' dir='ltr'>eines</span> <span class='ocrx_word' id='word_1_138' title='bbox 993 1749 1159 1832; x_wconf 87' lang='lat' dir='ltr'>Anderen;</span> <span class='ocrx_word' id='word_1_139' title='bbox 1185 1751 1217 1837; x_wconf 89' lang='grc'>6)</span> <span class='ocrx_word' id='word_1_140' title='bbox 1234 1751 1287 1816; x_wconf 87' lang='grc'>161</span> <span class='ocrx_word' id='word_1_141' title='bbox 1310 1750 1443 1816; x_wconf 90' lang='grc'>6616166</span> 
     </span>
    </p>
   </div>
   <div class='ocr_carea' id='block_1_6' title="bbox 60 1856 1443 1942">
    <p class='ocr_par' dir='ltr' id='par_1_7' title="bbox 60 1856 1443 1942">
     <span class='ocr_line' id='line_1_17' title="bbox 60 1856 1443 1942; baseline 0.001 -21"><span class='ocrx_word' id='word_1_142' title='bbox 60 1877 63 1884; x_wconf 88' lang='grc'><em>·</em></span> <span class='ocrx_word' id='word_1_143' title='bbox 153 1856 289 1939; x_wconf 76' lang='lat' dir='ltr'>Satzen,</span> <span class='ocrx_word' id='word_1_144' title='bbox 315 1856 366 1921; x_wconf 92' lang='lat' dir='ltr'>die</span> <span class='ocrx_word' id='word_1_145' title='bbox 391 1879 476 1922; x_wconf 81' lang='lat' dir='ltr'>zuar</span> <span class='ocrx_word' id='word_1_146' title='bbox 500 1858 548 1922; x_wconf 86' lang='lat' dir='ltr'>als</span> <span class='ocrx_word' id='word_1_147' title='bbox 565 1858 719 1942; x_wconf 87' lang='lat' dir='ltr'>Meinung</span> <span class='ocrx_word' id='word_1_148' title='bbox 737 1859 792 1924; x_wconf 90' lang='lat' dir='ltr'>des</span> <span class='ocrx_word' id='word_1_149' title='bbox 809 1857 985 1924; x_wconf 88' lang='lat' dir='ltr'>Redenden</span> <span class='ocrx_word' id='word_1_150' title='bbox 1008 1879 1049 1921; x_wconf 88' lang='grc'>66</span> <span class='ocrx_word' id='word_1_151' title='bbox 1071 1857 1211 1922; x_wconf 79' lang='lat' dir='ltr'>nahmen</span> <span class='ocrx_word' id='word_1_152' title='bbox 1235 1856 1317 1938; x_wconf 90' lang='lat' dir='ltr'>sind,</span> <span class='ocrx_word' id='word_1_153' title='bbox 1342 1859 1443 1923; x_wconf 89' lang='lat' dir='ltr'>worin</span> 
     </span>
    </p>
   </div>
   <div class='ocr_carea' id='block_1_7' title="bbox 160 1965 1448 3662">
    <p class='ocr_par' dir='ltr' id='par_1_8' title="bbox 160 1965 1446 3451">
     <span class='ocr_line' id='line_1_18' title="bbox 162 1965 1444 2050; baseline 0.001 -20"><span class='ocrx_word' id='word_1_154' title='bbox 162 1987 197 2030; x_wconf 92' lang='lat' dir='ltr'>er</span> <span class='ocrx_word' id='word_1_155' title='bbox 227 1965 307 2030; x_wconf 90' lang='lat' dir='ltr'>aber</span> <span class='ocrx_word' id='word_1_156' title='bbox 338 1966 486 2050; x_wconf 84' lang='lat' dir='ltr'>zugleich</span> <span class='ocrx_word' id='word_1_157' title='bbox 515 1966 683 2032; x_wconf 89' lang='lat' dir='ltr'>wirkliche</span> <span class='ocrx_word' id='word_1_158' title='bbox 707 1967 914 2032; x_wconf 89' lang='lat' dir='ltr'>Thatsachen</span> <span class='ocrx_word' id='word_1_159' title='bbox 943 1966 991 2031; x_wconf 89' lang='lat' dir='ltr'>als</span> <span class='ocrx_word' id='word_1_160' title='bbox 1020 1965 1130 2031; x_wconf 90' lang='lat' dir='ltr'>solche</span> <span class='ocrx_word' id='word_1_161' title='bbox 1159 1965 1350 2032; x_wconf 85' lang='lat' dir='ltr'>bezeichnet</span> <span class='ocrx_word' id='word_1_162' title='bbox 1376 1967 1444 2031; x_wconf 91' lang='lat' dir='ltr'>und</span> 
     </span>
     <span class='ocr_line' id='line_1_19' title="bbox 163 2072 1444 2160; baseline 0.001 -24"><span class='ocrx_word' id='word_1_163' title='bbox 163 2073 265 2138; x_wconf 92' lang='lat' dir='ltr'>daher</span> <span class='ocrx_word' id='word_1_164' title='bbox 281 2073 364 2138; x_wconf 90' lang='lat' dir='ltr'>auch</span> <span class='ocrx_word' id='word_1_165' title='bbox 380 2073 433 2137; x_wconf 89' lang='lat' dir='ltr'>ihr</span> <span class='ocrx_word' id='word_1_166' title='bbox 449 2073 589 2157; x_wconf 87' lang='lat' dir='ltr'>Tempus</span> <span class='ocrx_word' id='word_1_167' title='bbox 606 2095 669 2138; x_wconf 88' lang='lat' dir='ltr'>von</span> <span class='ocrx_word' id='word_1_168' title='bbox 685 2075 790 2139; x_wconf 90' lang='lat' dir='ltr'>seiner</span> <span class='ocrx_word' id='word_1_169' title='bbox 807 2073 1002 2159; x_wconf 82' lang='lat' dir='ltr'>Gegenwart</span> <span class='ocrx_word' id='word_1_170' title='bbox 1016 2093 1075 2138; x_wconf 89' lang='grc'>666</span> <span class='ocrx_word' id='word_1_171' title='bbox 1095 2072 1273 2152; x_wconf 84' lang='grc'>1661116611;</span> <span class='ocrx_word' id='word_1_172' title='bbox 1298 2072 1333 2160; x_wconf 86' lang='grc'>(1)</span> <span class='ocrx_word' id='word_1_173' title='bbox 1351 2096 1444 2138; x_wconf 83' lang='grc'>6666</span> 
     </span>
     <span class='ocr_line' id='line_1_20' title="bbox 163 2178 1444 2263; baseline 0 -19"><span class='ocrx_word' id='word_1_174' title='bbox 163 2179 220 2246; x_wconf 86' lang='grc'>(161</span> <span class='ocrx_word' id='word_1_175' title='bbox 243 2178 444 2263; x_wconf 83' lang='lat' dir='ltr'>Konjunktiv</span> <span class='ocrx_word' id='word_1_176' title='bbox 474 2179 546 2244; x_wconf 91' lang='lat' dir='ltr'>dem</span> <span class='ocrx_word' id='word_1_177' title='bbox 571 2178 764 2245; x_wconf 86' lang='lat' dir='ltr'>Ausdrucke</span> <span class='ocrx_word' id='word_1_178' title='bbox 795 2181 851 2246; x_wconf 90' lang='lat' dir='ltr'>des</span> <span class='ocrx_word' id='word_1_179' title='bbox 883 2179 1059 2246; x_wconf 87' lang='lat' dir='ltr'>Redenden</span> <span class='ocrx_word' id='word_1_180' title='bbox 1086 2180 1180 2246; x_wconf 91' lang='lat' dir='ltr'>einen</span> <span class='ocrx_word' id='word_1_181' title='bbox 1208 2180 1332 2245; x_wconf 90' lang='lat' dir='ltr'>andern</span> <span class='ocrx_word' id='word_1_182' title='bbox 1364 2180 1444 2245; x_wconf 92' lang='lat' dir='ltr'>Sinn</span> 
     </span>
     <span class='ocr_line' id='line_1_21' title="bbox 161 2285 1444 2372; baseline 0.001 -19"><span class='ocrx_word' id='word_1_183' title='bbox 161 2287 277 2372; x_wconf 83' lang='lat' dir='ltr'>geben,</span> <span class='ocrx_word' id='word_1_184' title='bbox 301 2286 379 2352; x_wconf 89' lang='lat' dir='ltr'>oder</span> <span class='ocrx_word' id='word_1_185' title='bbox 403 2286 455 2350; x_wconf 90' lang='lat' dir='ltr'>die</span> <span class='ocrx_word' id='word_1_186' title='bbox 478 2285 662 2352; x_wconf 84' lang='lat' dir='ltr'>lebhaftere</span> <span class='ocrx_word' id='word_1_187' title='bbox 685 2287 897 2371; x_wconf 84' lang='lat' dir='ltr'>Vorstellung</span> <span class='ocrx_word' id='word_1_188' title='bbox 922 2287 1090 2353; x_wconf 83' lang='lat' dir='ltr'>desselben</span> <span class='ocrx_word' id='word_1_189' title='bbox 1118 2288 1152 2352; x_wconf 88' lang='lat' dir='ltr'>in</span> <span class='ocrx_word' id='word_1_190' title='bbox 1181 2287 1239 2352; x_wconf 89' lang='lat' dir='ltr'>der</span> <span class='ocrx_word' id='word_1_191' title='bbox 1263 2287 1356 2353; x_wconf 91' lang='lat' dir='ltr'>Seele</span> <span class='ocrx_word' id='word_1_192' title='bbox 1388 2289 1444 2354; x_wconf 93' lang='lat' dir='ltr'>des</span> 
     </span>
     <span class='ocr_line' id='line_1_22' title="bbox 161 2393 1444 2480; baseline 0.002 -20"><span class='ocrx_word' id='word_1_193' title='bbox 161 2397 276 2460; x_wconf 86' lang='lat' dir='ltr'>Lesers</span> <span class='ocrx_word' id='word_1_194' title='bbox 301 2393 491 2458; x_wconf 82' lang='lat' dir='ltr'>schw&#39;achen</span> <span class='ocrx_word' id='word_1_195' title='bbox 515 2394 656 2461; x_wconf 82' lang='lat' dir='ltr'>wiirde.“</span> <span class='ocrx_word' id='word_1_196' title='bbox 704 2395 794 2460; x_wconf 89' lang='lat' dir='ltr'>Haec</span> <span class='ocrx_word' id='word_1_197' title='bbox 817 2395 896 2461; x_wconf 91' lang='lat' dir='ltr'>locis</span> <span class='ocrx_word' id='word_1_198' title='bbox 921 2395 1114 2480; x_wconf 89' lang='lat' dir='ltr'>comprobat</span> <span class='ocrx_word' id='word_1_199' title='bbox 1145 2417 1218 2461; x_wconf 92' lang='lat' dir='ltr'>oum</span> <span class='ocrx_word' id='word_1_200' title='bbox 1247 2395 1444 2462; x_wconf 87' lang='lat' dir='ltr'>eCicerone</span> 
     </span>
     <span class='ocr_line' id='line_1_23' title="bbox 161 2501 1445 2588; baseline 0 -19"><span class='ocrx_word' id='word_1_201' title='bbox 161 2509 194 2569; x_wconf 90' lang='grc'>61</span> <span class='ocrx_word' id='word_1_202' title='bbox 218 2502 374 2568; x_wconf 81' lang='lat' dir='ltr'>Sallustio</span> <span class='ocrx_word' id='word_1_203' title='bbox 399 2501 506 2566; x_wconf 87' lang='lat' dir='ltr'>allatis</span> <span class='ocrx_word' id='word_1_204' title='bbox 530 2508 600 2566; x_wconf 90' lang='lat' dir='ltr'>tum</span> <span class='ocrx_word' id='word_1_205' title='bbox 624 2524 641 2566; x_wconf 91' lang='lat' dir='ltr'>e</span> <span class='ocrx_word' id='word_1_206' title='bbox 663 2501 801 2569; x_wconf 83' lang='lat' dir='ltr'>Caesare</span> <span class='ocrx_word' id='word_1_207' title='bbox 825 2510 858 2569; x_wconf 91' lang='lat' dir='ltr'>et</span> <span class='ocrx_word' id='word_1_208' title='bbox 874 2503 963 2569; x_wconf 91' lang='lat' dir='ltr'>Livio</span> <span class='ocrx_word' id='word_1_209' title='bbox 989 2509 1021 2569; x_wconf 92' lang='lat' dir='ltr'>et</span> <span class='ocrx_word' id='word_1_210' title='bbox 1045 2503 1080 2568; x_wconf 93' lang='lat' dir='ltr'>hi</span> <span class='ocrx_word' id='word_1_211' title='bbox 1103 2503 1234 2588; x_wconf 91' lang='lat' dir='ltr'>quidem</span> <span class='ocrx_word' id='word_1_212' title='bbox 1251 2512 1327 2569; x_wconf 90' lang='lat' dir='ltr'>sunt</span> <span class='ocrx_word' id='word_1_213' title='bbox 1348 2505 1445 2588; x_wconf 85' lang='lat' dir='ltr'>longe</span> 
     </span>
     <span class='ocr_line' id='line_1_24' title="bbox 160 2601 1446 2698; baseline 0.001 -24"><span class='ocrx_word' id='word_1_214' title='bbox 160 2611 294 2696; x_wconf 87' lang='lat' dir='ltr'>plurimi</span> <span class='ocrx_word' id='word_1_215' title='bbox 318 2609 485 2698; x_wconf 86' lang='lat' dir='ltr'>(Kiihnast</span> <span class='ocrx_word' id='word_1_216' title='bbox 508 2633 539 2693; x_wconf 92' lang='lat' dir='ltr'>p.</span> <span class='ocrx_word' id='word_1_217' title='bbox 565 2612 653 2697; x_wconf 82' lang='lat'><strong>235).</strong></span> <span class='ocrx_word' id='word_1_218' title='bbox 701 2612 809 2676; x_wconf 81' lang='lat' dir='ltr'>Etiam</span> <span class='ocrx_word' id='word_1_219' title='bbox 832 2612 929 2696; x_wconf 90' lang='lat' dir='ltr'>plura</span> <span class='ocrx_word' id='word_1_220' title='bbox 953 2613 1101 2695; x_wconf 89' lang='lat' dir='ltr'>exempla</span> <span class='ocrx_word' id='word_1_221' title='bbox 1124 2611 1261 2677; x_wconf 88' lang='lat' dir='ltr'>collecta</span> <span class='ocrx_word' id='word_1_222' title='bbox 1291 2601 1446 2694; x_wconf 85' lang='lat' dir='ltr'>leguntur</span> 
     </span>
     <span class='ocr_line' id='line_1_25' title="bbox 161 2716 1446 2802; baseline 0 -18"><span class='ocrx_word' id='word_1_223' title='bbox 161 2717 249 2800; x_wconf 87' lang='lat' dir='ltr'>apud</span> <span class='ocrx_word' id='word_1_224' title='bbox 273 2716 475 2800; x_wconf 84' lang='lat' dir='ltr'>Draegerum</span> <span class='ocrx_word' id='word_1_225' title='bbox 498 2740 528 2801; x_wconf 87' lang='lat' dir='ltr'>p.</span> <span class='ocrx_word' id='word_1_226' title='bbox 553 2723 616 2781; x_wconf 81' lang='grc'>442</span> <span class='ocrx_word' id='word_1_227' title='bbox 643 2739 713 2802; x_wconf 89' lang='lat' dir='ltr'>sqq.</span> <span class='ocrx_word' id='word_1_228' title='bbox 749 2720 838 2784; x_wconf 84' lang='lat' dir='ltr'>Dicit</span> <span class='ocrx_word' id='word_1_229' title='bbox 861 2719 977 2784; x_wconf 90' lang='lat' dir='ltr'>deinde</span> <span class='ocrx_word' id='word_1_230' title='bbox 1001 2741 1031 2802; x_wconf 92' lang='lat' dir='ltr'>p.</span> <span class='ocrx_word' id='word_1_231' title='bbox 1058 2725 1132 2796; x_wconf 91' lang='grc'>444,</span> <span class='ocrx_word' id='word_1_232' title='bbox 1159 2723 1192 2784; x_wconf 92' lang='lat'>3:</span> <span class='ocrx_word' id='word_1_233' title='bbox 1230 2718 1446 2796; x_wconf 79' lang='lat' dir='ltr'>,Ausserdem</span> 
     </span>
     <span class='ocr_line' id='line_1_26' title="bbox 161 2824 1445 2909; baseline 0.001 -20"><span class='ocrx_word' id='word_1_234' title='bbox 161 2825 232 2909; x_wconf 84' lang='lat' dir='ltr'>gibt</span> <span class='ocrx_word' id='word_1_235' title='bbox 263 2847 296 2890; x_wconf 91' lang='lat' dir='ltr'>es</span> <span class='ocrx_word' id='word_1_236' title='bbox 328 2825 398 2890; x_wconf 91' lang='lat' dir='ltr'>eine</span> <span class='ocrx_word' id='word_1_237' title='bbox 431 2824 615 2890; x_wconf 86' lang='lat' dir='ltr'>erhebliohe</span> <span class='ocrx_word' id='word_1_238' title='bbox 643 2825 768 2890; x_wconf 85' lang='lat' dir='ltr'>Anzahl</span> <span class='ocrx_word' id='word_1_239' title='bbox 800 2849 862 2891; x_wconf 91' lang='lat' dir='ltr'>von</span> <span class='ocrx_word' id='word_1_240' title='bbox 888 2827 1024 2906; x_wconf 87' lang='lat' dir='ltr'>Stellen,</span> <span class='ocrx_word' id='word_1_241' title='bbox 1057 2828 1090 2891; x_wconf 91' lang='lat' dir='ltr'>in</span> <span class='ocrx_word' id='word_1_242' title='bbox 1120 2826 1262 2891; x_wconf 89' lang='lat' dir='ltr'>welchen</span> <span class='ocrx_word' id='word_1_243' title='bbox 1295 2827 1346 2892; x_wconf 91' lang='lat' dir='ltr'>die</span> <span class='ocrx_word' id='word_1_244' title='bbox 1372 2828 1445 2892; x_wconf 87' lang='lat' dir='ltr'>Bei-</span> 
     </span>
     <span class='ocr_line' id='line_1_27' title="bbox 161 2932 1445 3016; baseline 0.002 -19"><span class='ocrx_word' id='word_1_245' title='bbox 161 2933 341 3016; x_wconf 84' lang='lat' dir='ltr'>behaltung</span> <span class='ocrx_word' id='word_1_246' title='bbox 366 2932 423 2998; x_wconf 91' lang='lat' dir='ltr'>des</span> <span class='ocrx_word' id='word_1_247' title='bbox 446 2932 628 2998; x_wconf 82' lang='lat' dir='ltr'>lndilrativs</span> <span class='ocrx_word' id='word_1_248' title='bbox 653 2934 711 2999; x_wconf 90' lang='lat' dir='ltr'>der</span> <span class='ocrx_word' id='word_1_249' title='bbox 739 2935 888 3001; x_wconf 87' lang='lat' dir='ltr'>direkten</span> <span class='ocrx_word' id='word_1_250' title='bbox 912 2935 999 3001; x_wconf 85' lang='lat' dir='ltr'>Rode</span> <span class='ocrx_word' id='word_1_251' title='bbox 1031 2934 1193 3000; x_wconf 85' lang='lat' dir='ltr'>entweder</span> <span class='ocrx_word' id='word_1_252' title='bbox 1222 2935 1417 3001; x_wconf 83' lang='lat' dir='ltr'>handsohrif</span> <span class='ocrx_word' id='word_1_253' title='bbox 1432 2975 1445 2984; x_wconf 95' lang='lat'><em>-</em></span> 
     </span>
     <span class='ocr_line' id='line_1_28' title="bbox 160 3038 1446 3126; baseline 0.004 -22"><span class='ocrx_word' id='word_1_254' title='bbox 160 3041 225 3106; x_wconf 90' lang='lat' dir='ltr'>lich</span> <span class='ocrx_word' id='word_1_255' title='bbox 249 3039 400 3106; x_wconf 91' lang='lat' dir='ltr'>unsicher</span> <span class='ocrx_word' id='word_1_256' title='bbox 423 3038 503 3104; x_wconf 90' lang='lat' dir='ltr'>oder</span> <span class='ocrx_word' id='word_1_257' title='bbox 526 3061 608 3124; x_wconf 82' lang='lat' dir='ltr'>ganz</span> <span class='ocrx_word' id='word_1_258' title='bbox 632 3042 769 3107; x_wconf 87' lang='lat' dir='ltr'>abnorm</span> <span class='ocrx_word' id='word_1_259' title='bbox 793 3043 866 3106; x_wconf 68' lang='grc'>161.1</span> <span class='ocrx_word' id='word_1_260' title='bbox 901 3043 964 3108; x_wconf 87' lang='lat' dir='ltr'>Sed</span> <span class='ocrx_word' id='word_1_261' title='bbox 980 3044 1013 3107; x_wconf 92' lang='lat' dir='ltr'>in</span> <span class='ocrx_word' id='word_1_262' title='bbox 1030 3064 1139 3108; x_wconf 88' lang='lat' dir='ltr'>omnes</span> <span class='ocrx_word' id='word_1_263' title='bbox 1156 3043 1223 3108; x_wconf 87' lang='lat' dir='ltr'>fere</span> <span class='ocrx_word' id='word_1_264' title='bbox 1239 3043 1337 3120; x_wconf 86' lang='lat' dir='ltr'>locos,</span> <span class='ocrx_word' id='word_1_265' title='bbox 1363 3065 1446 3126; x_wconf 88' lang='lat' dir='ltr'>quos</span> 
     </span>
     <span class='ocr_line' id='line_1_29' title="bbox 162 3147 1445 3232; baseline 0.002 -20"><span class='ocrx_word' id='word_1_266' title='bbox 162 3147 313 3232; x_wconf 85' lang='lat' dir='ltr'>deinceps</span> <span class='ocrx_word' id='word_1_267' title='bbox 346 3154 517 3213; x_wconf 88' lang='lat' dir='ltr'>enumerat</span> <span class='ocrx_word' id='word_1_268' title='bbox 549 3149 697 3228; x_wconf 88' lang='lat' dir='ltr'>Catonis,</span> <span class='ocrx_word' id='word_1_269' title='bbox 729 3150 853 3228; x_wconf 90' lang='lat' dir='ltr'>Plauti,</span> <span class='ocrx_word' id='word_1_270' title='bbox 887 3150 1036 3228; x_wconf 81' lang='lat' dir='ltr'>Sallusti,</span> <span class='ocrx_word' id='word_1_271' title='bbox 1069 3150 1154 3227; x_wconf 86' lang='lat' dir='ltr'>Livi,</span> <span class='ocrx_word' id='word_1_272' title='bbox 1186 3150 1297 3229; x_wconf 83' lang='lat' dir='ltr'>Curti,</span> <span class='ocrx_word' id='word_1_273' title='bbox 1330 3150 1445 3229; x_wconf 82' lang='lat' dir='ltr'>Taciti,</span> 
     </span>
     <span class='ocr_line' id='line_1_30' title="bbox 162 3253 1446 3341; baseline 0.005 -24"><span class='ocrx_word' id='word_1_274' title='bbox 162 3255 312 3334; x_wconf 86' lang='lat' dir='ltr'>Suetoni,</span> <span class='ocrx_word' id='word_1_275' title='bbox 343 3253 538 3319; x_wconf 88' lang='lat' dir='ltr'>Ramshorni</span> <span class='ocrx_word' id='word_1_276' title='bbox 569 3254 625 3321; x_wconf 92' lang='lat' dir='ltr'>illa</span> <span class='ocrx_word' id='word_1_277' title='bbox 656 3264 834 3341; x_wconf 88' lang='lat' dir='ltr'>praecepta</span> <span class='ocrx_word' id='word_1_278' title='bbox 864 3256 1036 3340; x_wconf 89' lang='lat' dir='ltr'>quadrant.</span> <span class='ocrx_word' id='word_1_279' title='bbox 1085 3256 1232 3321; x_wconf 89' lang='lat' dir='ltr'>Justinus</span> <span class='ocrx_word' id='word_1_280' title='bbox 1264 3256 1352 3322; x_wconf 90' lang='lat' dir='ltr'>solus</span> <span class='ocrx_word' id='word_1_281' title='bbox 1376 3259 1446 3324; x_wconf 90' lang='grc'>6166</span> 
     </span>
     <span class='ocr_line' id='line_1_31' title="bbox 162 3361 1243 3451; baseline 0.004 -27"><span class='ocrx_word' id='word_1_282' title='bbox 162 3361 347 3428; x_wconf 89' lang='lat' dir='ltr'>discrimine</span> <span class='ocrx_word' id='word_1_283' title='bbox 372 3364 468 3428; x_wconf 93' lang='lat' dir='ltr'>modo</span> <span class='ocrx_word' id='word_1_284' title='bbox 492 3361 669 3428; x_wconf 89' lang='lat' dir='ltr'>indicativo</span> <span class='ocrx_word' id='word_1_285' title='bbox 693 3361 789 3428; x_wconf 92' lang='lat' dir='ltr'>modo</span> <span class='ocrx_word' id='word_1_286' title='bbox 814 3364 1019 3428; x_wconf 86' lang='lat' dir='ltr'>coniunctivo</span> <span class='ocrx_word' id='word_1_287' title='bbox 1044 3362 1243 3451; x_wconf 79' lang='lat' dir='ltr'>utebatur.³)</span> 
     </span>
    </p>

    <p class='ocr_par' dir='ltr' id='par_1_9' title="bbox 161 3469 1448 3662">
     <span class='ocr_line' id='line_1_32' title="bbox 251 3469 1447 3554; baseline 0.002 -20"><span class='ocrx_word' id='word_1_288' title='bbox 251 3469 332 3534; x_wconf 85' lang='lat' dir='ltr'>Cum</span> <span class='ocrx_word' id='word_1_289' title='bbox 355 3470 456 3554; x_wconf 85' lang='lat' dir='ltr'>igitur</span> <span class='ocrx_word' id='word_1_290' title='bbox 480 3470 611 3535; x_wconf 92' lang='lat' dir='ltr'>minime</span> <span class='ocrx_word' id='word_1_291' title='bbox 634 3470 748 3554; x_wconf 87' lang='lat' dir='ltr'>ignota</span> <span class='ocrx_word' id='word_1_292' title='bbox 770 3475 857 3535; x_wconf 87' lang='grc'>66661</span> <span class='ocrx_word' id='word_1_293' title='bbox 879 3470 960 3535; x_wconf 89' lang='grc'>1666</span> <span class='ocrx_word' id='word_1_294' title='bbox 985 3476 1152 3535; x_wconf 90' lang='lat' dir='ltr'>structura</span> <span class='ocrx_word' id='word_1_295' title='bbox 1177 3472 1334 3537; x_wconf 88' lang='lat' dir='ltr'>orationis</span> <span class='ocrx_word' id='word_1_296' title='bbox 1364 3472 1447 3537; x_wconf 93' lang='lat' dir='ltr'>obli-</span> 
     </span>
     <span class='ocr_line' id='line_1_33' title="bbox 161 3577 1448 3662; baseline 0.005 -22"><span class='ocrx_word' id='word_1_297' title='bbox 161 3598 245 3660; x_wconf 90' lang='lat' dir='ltr'>quae</span> <span class='ocrx_word' id='word_1_298' title='bbox 270 3578 303 3640; x_wconf 91' lang='grc'>16</span> <span class='ocrx_word' id='word_1_299' title='bbox 327 3599 475 3643; x_wconf 90' lang='lat' dir='ltr'>sermone</span> <span class='ocrx_word' id='word_1_300' title='bbox 499 3578 626 3654; x_wconf 88' lang='lat' dir='ltr'>Latino,</span> <span class='ocrx_word' id='word_1_301' title='bbox 652 3577 746 3641; x_wconf 89' lang='lat' dir='ltr'>facile</span> <span class='ocrx_word' id='word_1_302' title='bbox 771 3577 972 3662; x_wconf 86' lang='lat' dir='ltr'>intellegitur</span> <span class='ocrx_word' id='word_1_303' title='bbox 997 3578 1202 3643; x_wconf 87' lang='lat' dir='ltr'>Ammianum</span> <span class='ocrx_word' id='word_1_304' title='bbox 1230 3601 1267 3645; x_wconf 91' lang='lat' dir='ltr'>ec</span> <span class='ocrx_word' id='word_1_305' title='bbox 1292 3580 1448 3646; x_wconf 88' lang='lat' dir='ltr'>libentius</span> 
     </span>
    </p>
   </div>
   <div class='ocr_carea' id='block_1_8' title="bbox 114 3811 1448 4404">
    <p class='ocr_par' dir='ltr' id='par_1_10' title="bbox 198 3811 932 3882">
     <span class='ocr_line' id='line_1_34' title="bbox 198 3811 932 3882; baseline -0.004 -18"><span class='ocrx_word' id='word_1_306' title='bbox 198 3815 219 3882; x_wconf 87' lang='lat'>¹)</span> <span class='ocrx_word' id='word_1_307' title='bbox 240 3817 269 3864; x_wconf 93' lang='lat' dir='ltr'>L.</span> <span class='ocrx_word' id='word_1_308' title='bbox 290 3817 446 3878; x_wconf 85' lang='lat' dir='ltr'>Ramshorn,</span> <span class='ocrx_word' id='word_1_309' title='bbox 467 3818 511 3866; x_wconf 89' lang='lat' dir='ltr'>lat.</span> <span class='ocrx_word' id='word_1_310' title='bbox 533 3815 703 3876; x_wconf 84' lang='lat' dir='ltr'>Grammatik,</span> <span class='ocrx_word' id='word_1_311' title='bbox 724 3815 835 3878; x_wconf 87' lang='lat' dir='ltr'>Leipzig</span> <span class='ocrx_word' id='word_1_312' title='bbox 856 3811 932 3875; x_wconf 84' lang='lat'><strong>1830.</strong></span> 
     </span>
    </p>

    <p class='ocr_par' dir='ltr' id='par_1_11' title="bbox 195 3885 759 3972">
     <span class='ocr_line' id='line_1_35' title="bbox 195 3885 759 3972; baseline -0.004 -17"><span class='ocrx_word' id='word_1_313' title='bbox 195 3905 219 3972; x_wconf 78' lang='lat'>2)</span> <span class='ocrx_word' id='word_1_314' title='bbox 239 3907 270 3955; x_wconf 86' lang='lat' dir='ltr'>cs.</span> <span class='ocrx_word' id='word_1_315' title='bbox 291 3907 380 3955; x_wconf 87' lang='lat' dir='ltr'>Haase</span> <span class='ocrx_word' id='word_1_316' title='bbox 400 3907 433 3954; x_wconf 84' lang='lat' dir='ltr'>ad</span> <span class='ocrx_word' id='word_1_317' title='bbox 452 3907 599 3971; x_wconf 85' lang='lat' dir='ltr'>Reisigium</span> <span class='ocrx_word' id='word_1_318' title='bbox 619 3906 678 3955; x_wconf 86' lang='lat' dir='ltr'>adu.</span> <span class='ocrx_word' id='word_1_319' title='bbox 698 3885 759 3967; x_wconf 63' lang='grc'>198.</span> 
     </span>
    </p>

    <p class='ocr_par' dir='ltr' id='par_1_12' title="bbox 114 3994 1448 4404">
     <span class='ocr_line' id='line_1_36' title="bbox 197 3994 1448 4062; baseline 0.002 -18"><span class='ocrx_word' id='word_1_320' title='bbox 197 3995 219 4062; x_wconf 80' lang='grc'>3)</span> <span class='ocrx_word' id='word_1_321' title='bbox 239 3997 280 4044; x_wconf 90' lang='lat' dir='ltr'>De</span> <span class='ocrx_word' id='word_1_322' title='bbox 305 3996 354 4044; x_wconf 85' lang='lat' dir='ltr'>hac</span> <span class='ocrx_word' id='word_1_323' title='bbox 382 3996 570 4044; x_wconf 89' lang='lat' dir='ltr'>consuetudine</span> <span class='ocrx_word' id='word_1_324' title='bbox 594 3995 730 4044; x_wconf 86' lang='lat' dir='ltr'>indicativi</span> <span class='ocrx_word' id='word_1_325' title='bbox 749 3995 821 4044; x_wconf 87' lang='lat' dir='ltr'>modi</span> <span class='ocrx_word' id='word_1_326' title='bbox 840 4009 889 4058; x_wconf 89' lang='lat' dir='ltr'>pro</span> <span class='ocrx_word' id='word_1_327' title='bbox 910 3994 1078 4042; x_wconf 88' lang='lat' dir='ltr'>coniunctivo</span> <span class='ocrx_word' id='word_1_328' title='bbox 1098 3996 1124 4042; x_wconf 91' lang='lat' dir='ltr'>in</span> <span class='ocrx_word' id='word_1_329' title='bbox 1145 4011 1169 4043; x_wconf 93' lang='grc' dir='ltr'>ο.</span> <span class='ocrx_word' id='word_1_330' title='bbox 1191 4011 1215 4044; x_wconf 93' lang='lat' dir='ltr'>o.</span> <span class='ocrx_word' id='word_1_331' title='bbox 1236 3996 1351 4058; x_wconf 90' lang='lat' dir='ltr'>ponendi</span> <span class='ocrx_word' id='word_1_332' title='bbox 1371 3997 1448 4046; x_wconf 86' lang='lat' dir='ltr'>docet</span> 
     </span>
     <span class='ocr_line' id='line_1_37' title="bbox 193 4073 1445 4150; baseline 0 -16"><span class='ocrx_word' id='word_1_333' title='bbox 193 4073 195 4076; x_wconf 35' lang='lat'>⁵</span> <span class='ocrx_word' id='word_1_334' title='bbox 237 4086 409 4134; x_wconf 88' lang='lat' dir='ltr'>Hassenstein</span> <span class='ocrx_word' id='word_1_335' title='bbox 429 4086 446 4133; x_wconf 87' lang='lat'>1.</span> <span class='ocrx_word' id='word_1_336' title='bbox 466 4100 487 4133; x_wconf 88' lang='lat' dir='ltr'>c.</span> <span class='ocrx_word' id='word_1_337' title='bbox 506 4100 567 4150; x_wconf 87' lang='lat' dir='ltr'>pag.</span> <span class='ocrx_word' id='word_1_338' title='bbox 589 4095 634 4148; x_wconf 87' lang='lat'>37:</span> <span class='ocrx_word' id='word_1_339' title='bbox 661 4085 789 4133; x_wconf 88' lang='lat' dir='ltr'>Graecum</span> <span class='ocrx_word' id='word_1_340' title='bbox 810 4100 883 4133; x_wconf 89' lang='lat' dir='ltr'>usum</span> <span class='ocrx_word' id='word_1_341' title='bbox 902 4089 1039 4148; x_wconf 82' lang='lat' dir='ltr'>sequentes</span> <span class='ocrx_word' id='word_1_342' title='bbox 1059 4084 1158 4146; x_wconf 90' lang='lat' dir='ltr'>Livius,</span> <span class='ocrx_word' id='word_1_343' title='bbox 1184 4085 1298 4147; x_wconf 85' lang='lat' dir='ltr'>Tacitus,</span> <span class='ocrx_word' id='word_1_344' title='bbox 1320 4087 1445 4149; x_wconf 88' lang='lat' dir='ltr'>Justinus,</span> 
     </span>
     <span class='ocr_line' id='line_1_38' title="bbox 114 4161 1446 4239; baseline 0.002 -17"><span class='ocrx_word' id='word_1_345' title='bbox 114 4225 120 4238; x_wconf 42' lang='grc' dir='ltr'><strong><em>Ι</em></strong></span> <span class='ocrx_word' id='word_1_346' title='bbox 237 4174 390 4238; x_wconf 88' lang='lat' dir='ltr'>saepissime</span> <span class='ocrx_word' id='word_1_347' title='bbox 409 4175 561 4223; x_wconf 88' lang='lat' dir='ltr'>Ammianus</span> <span class='ocrx_word' id='word_1_348' title='bbox 588 4174 614 4222; x_wconf 91' lang='lat' dir='ltr'>in</span> <span class='ocrx_word' id='word_1_349' title='bbox 641 4173 781 4223; x_wconf 88' lang='lat' dir='ltr'>enuntiatis</span> <span class='ocrx_word' id='word_1_350' title='bbox 804 4161 950 4223; x_wconf 81' lang='lat' dir='ltr'>minoribus</span> <span class='ocrx_word' id='word_1_351' title='bbox 976 4189 1000 4222; x_wconf 93' lang='lat' dir='ltr'>o.</span> <span class='ocrx_word' id='word_1_352' title='bbox 1027 4189 1051 4222; x_wconf 93' lang='lat' dir='ltr'>o.</span> <span class='ocrx_word' id='word_1_353' title='bbox 1077 4175 1246 4224; x_wconf 87' lang='lat' dir='ltr'>indicativum</span> <span class='ocrx_word' id='word_1_354' title='bbox 1271 4181 1373 4239; x_wconf 86' lang='lat' dir='ltr'>ponunt</span> <span class='ocrx_word' id='word_1_355' title='bbox 1397 4191 1446 4239; x_wconf 91' lang='lat' dir='ltr'>pro</span> 
     </span>
     <span class='ocr_line' id='line_1_39' title="bbox 238 4263 1445 4328; baseline -0.002 -14"><span class='ocrx_word' id='word_1_356' title='bbox 238 4265 419 4326; x_wconf 92' lang='lat' dir='ltr'>coniunctivo,</span> <span class='ocrx_word' id='word_1_357' title='bbox 448 4263 549 4313; x_wconf 88' lang='lat' dir='ltr'>etiamsi</span> <span class='ocrx_word' id='word_1_358' title='bbox 576 4279 607 4313; x_wconf 86' lang='lat' dir='ltr'>ex</span> <span class='ocrx_word' id='word_1_359' title='bbox 625 4263 764 4328; x_wconf 88' lang='lat' dir='ltr'>loquentis,</span> <span class='ocrx_word' id='word_1_360' title='bbox 791 4277 845 4312; x_wconf 91' lang='lat' dir='ltr'>non</span> <span class='ocrx_word' id='word_1_361' title='bbox 866 4263 1002 4312; x_wconf 90' lang='lat' dir='ltr'>scribentis</span> <span class='ocrx_word' id='word_1_362' title='bbox 1022 4277 1099 4312; x_wconf 88' lang='lat' dir='ltr'>sensu</span> <span class='ocrx_word' id='word_1_363' title='bbox 1118 4277 1274 4312; x_wconf 84' lang='grc'>6611166616</span> <span class='ocrx_word' id='word_1_364' title='bbox 1293 4264 1445 4328; x_wconf 83' lang='lat' dir='ltr'>intellegen-</span> 
     </span>
     <span class='ocr_line' id='line_1_40' title="bbox 238 4354 365 4404; baseline 0 -2"><span class='ocrx_word' id='word_1_365' title='bbox 238 4354 299 4404; x_wconf 90' lang='lat' dir='ltr'>dum</span> <span class='ocrx_word' id='word_1_366' title='bbox 319 4361 365 4402; x_wconf 91' lang='lat' dir='ltr'>est.</span> 
     </span>
    </p>
   </div>
   <div class='ocr_carea' id='block_1_9' title="bbox 0 0 1650 4918">
    <p class='ocr_par' dir='ltr' id='par_1_13' title="bbox 0 0 1650 4918">
     <span class='ocr_line' id='line_1_41' title="bbox 0 0 1650 4918; baseline 0 0"><span class='ocrx_word' id='word_1_367' title='bbox 0 0 1650 4918; x_wconf 95' lang='lat' dir='ltr'> </span> 
     </span>
    </p>
   </div>
  </div>
 </body>
</html>
