3282 4918
818 232 840 294 4

192 409 356 493 graphum
372 409 466 473 factis
482 409 544 472 illis
562 411 694 491 quidem
717 411 790 474 libri
812 431 935 493 magno
961 409 1155 472 mendorum
1180 429 1317 472 numero
1341 411 1474 492 purgati

191 528 225 581 et
258 523 404 599 quinque
436 516 525 579 libris
557 517 678 580 ultimis
709 519 796 580 aucti
828 527 922 591 sunt,
959 526 1109 580 attamen
1142 535 1265 598 magna
1297 509 1476 580 lectionum

169 630 334 710 vvarietas
356 630 531 702 remansit;
557 626 796 708 Lindenbrogii
821 625 953 700 deinde,
979 622 1198 698 Valesiorum,
1225 623 1386 686 Gronovii
1410 633 1475 686 stu-

191 737 319 798 diorum
343 734 464 797 iructus
488 735 582 796 initio
606 733 700 796 huius
724 714 846 795 saeculi
871 733 1057 812 Wagnerus
1082 735 1114 793 in
1140 731 1287 794 editione
1318 753 1377 794 sua
1407 732 1473 794 col·

190 842 280 923 legit.
328 843 449 904 lterum
473 850 586 904 autem
610 839 893 902 efflorescentibus
917 839 1033 900 studiis
1056 838 1263 901 Ammianeis
1289 841 1331 902 de
1363 859 1474 902 emen-

191 949 309 1012 dandis
334 958 367 1011 et
384 947 591 1028 explicandis
608 947 719 1011 verbis
736 948 864 1028 optime
880 953 1070 1007 meruerunt
1086 947 1130 1008 M.
1149 945 1275 1026 Haupt,
1301 947 1344 1008 A.
1364 947 1473 1010 Kiess-

191 1056 268 1138 ling,
294 1055 356 1117 Th.
382 1056 580 1130 Mommsen,
605 1055 644 1118 R.
663 1055 787 1136 Unger,
806 1041 855 1116 Ἀ.
874 1054 916 1116 de
934 1051 1139 1126 Gutschmid,
1165 1052 1207 1114 V.
1227 1054 1474 1130 Gardthausen,

179 1165 234 1226 vFr
269 1163 499 1245 Eyssenhardt
531 1161 581 1244 (cl.
607 1161 862 1236 Gardthausen,
895 1160 1010 1223 Herm.
1036 1159 1098 1233 Vl,
1134 1177 1196 1238 243
1228 1181 1319 1240 sqq.;
1354 1163 1475 1224 deinde

190 1270 292 1352 praef.
318 1269 473 1332 editionis
498 1274 582 1345 eius,
616 1269 744 1348 XXIll;
775 1270 879 1344 idem,
913 1265 1062 1350 Gotting.
1089 1268 1240 1348 gelehrte
1263 1268 1348 1331 Anz.
1378 1272 1473 1348 1871,

195 1395 385 1458 1301—103
420 1377 597 1459 Kiessling,
629 1377 790 1440 Fleckeis.
813 1376 949 1458 Jahrbb.
979 1379 1073 1455 1871,
1103 1375 1190 1458 481).
1239 1375 1392 1437 Aliorum
1416 1376 1473 1438 ho·

190 1488 315 1547 minum
348 1486 539 1562 doctorum,
574 1486 737 1567 aquibus
768 1484 887 1566 singuli
918 1483 981 1546 loci
1014 1481 1182 1546 emendati
1214 1490 1304 1555 sunt,
1338 1482 1474 1544 nomina

97 1621 101 1634 ·
191 1612 384 1655 enumerare
416 1591 552 1675 longum
584 1602 643 1655 est.
690 1593 873 1655 Paucorum
904 1611 1085 1672 eorumque
1114 1598 1300 1652 memoratu
1325 1590 1482 1670 dignissi·

83 1729 86 1737 <
191 1720 318 1762 morum
342 1701 592 1764 dissertationes
617 1701 769 1763 exhibuit
786 1699 1020 1775 Gardthausen
1045 1699 1077 1759 in
1103 1696 1154 1760 ed.
1172 1718 1251 1760 suae
1275 1696 1375 1778 prael.
1395 1717 1471 1777 pag.

190 1808 289 1870 XXV
313 1829 363 1889 sq.

278 1915 330 1976 De
360 1915 512 1976 codicum
544 1915 674 1978 ratione
699 1924 732 1977 et
756 1915 956 1984 auctoritate
981 1916 1177 1994 paucissima
1202 1911 1341 1973 sufficiat
1362 1919 1472 1990 protu-

189 2022 265 2085 lisse
282 2021 470 2106 (Copiosius
487 2023 609 2086 dehac
626 2042 661 2083 re
679 2021 914 2084 Gardthausen
932 2024 1000 2101 egit
1023 2024 1056 2082 in
1082 2020 1236 2081 editionis
1259 2038 1347 2093 suae,
1374 2035 1473 2098 quam

189 2131 344 2212 equidem
367 2151 499 2212 sequar,
523 2130 730 2212 praefatione
755 2149 831 2210 pag.
857 2127 904 2191 Xl
928 2149 1013 2209 sqq,
1039 2128 1071 2188 in
1097 2126 1258 2189 Fleckeis.
1284 2145 1359 2188 ann.
1389 2127 1468 2202 1871

189 2258 265 2324 pag.
292 2241 456 2322 829—54,
482 2242 514 2299 in
539 2238 653 2300 Herm.
678 2236 726 2298 Vl
750 2256 826 2317 pag.
853 2239 1054 2314 243—247).
1103 2234 1219 2314 Usque
1251 2234 1294 2295 ad
1325 2254 1354 2295 a.
1384 2231 1469 2310 1876

190 2348 337 2407 omnium
361 2343 458 2407 codd.
484 2345 785 2425 praestantissimus
811 2341 999 2405 habebatur
1023 2341 1197 2403 Fuldensis
1228 2361 1252 2402 s
1277 2340 1471 2402 Vaticanus

191 2452 277 2514 Eum
309 2462 342 2514 et
366 2451 653 2527 Hersfeldensem,
688 2453 743 2532 qui
774 2450 818 2512 ad
848 2451 880 2512 id
911 2458 1042 2530 tempus
1068 2439 1093 2509 ¹e
1117 2446 1301 2510 Geleniana
1327 2447 1474 2508 editione

187 2559 259 2622 sola
284 2560 441 2642 cognosci
466 2568 608 2640 poterat,
634 2580 678 2621 ex
695 2559 814 2621 eodem
831 2557 923 2619 sonte
941 2574 1094 2617 manasse
1111 2563 1309 2617 censuerunt
1326 2554 1470 2635 Eyssen·

189 2668 287 2730 hardt
311 2677 346 2730 et
370 2666 614 2731 Gardthausen.
661 2666 744 2730 Cum
768 2676 880 2730 autem
905 2663 1005 2745 paulo
1035 2672 1112 2744 post
1137 2661 1381 2726 Gardthauseni
1407 2659 1472 2722 edi-

188 2779 314 2838 tionem
344 2779 376 2838 in
408 2775 514 2837 lucem
545 2775 713 2856 proditam
743 2772 900 2855 singulari
932 2771 1084 2834 fortunae
1116 2768 1280 2832 beneficio
1309 2789 1371 2830 sex
1394 2765 1472 2828 solia

188 2887 325 2945 inventa
349 2892 468 2957 essent,
495 2902 580 2964 quae
604 2917 648 2928 -
672 2886 815 2944 nuncin
841 2878 1045 2943 bibliotheca
1076 2879 1201 2942 archivi
1226 2875 1473 2956 Marburgensis

188 3000 322 3053 servata
352 3027 397 3036 -
426 2990 504 3052 olim
541 2990 663 3052 codicis
693 2987 936 3051 Hersfeldensis
978 2985 1075 3048 fuisse
1106 2985 1264 3047 Nissenus
1300 2983 1474 3046 contendit

189 3098 388 3180 (fragmenta
413 3098 683 3179 Marburgensia,
716 3095 861 3159 Berolini
894 3095 993 3173 1876,
1027 3113 1102 3174 pag.
1132 3109 1173 3170 14
1202 3091 1284 3172 sq),
1317 3089 1474 3170 probavit

189 3207 277 3269 idem
294 3208 344 3270 vir
361 3207 568 3269 doctissimus
592 3226 617 3267 c.
637 3205 839 3267 Vaticanum
863 3202 906 3264 de
923 3198 1149 3262 Hersseldensi
1174 3198 1375 3277 descriptum
1400 3216 1472 3257 esse

190 3312 221 3391 (l.
247 3335 273 3376 c.
299 3335 375 3396 pag.
404 3317 442 3377 18
467 3319 565 3394 sqq),
592 3314 625 3376 id
650 3313 740 3394 quod
765 3312 810 3376 M.
828 3309 945 3389 Haupt
969 3310 1035 3369 iam
1060 3315 1159 3368 antea
1183 3308 1367 3385 suspicatus
1391 3303 1472 3380 (ind.

189 3418 265 3482 lect.
291 3420 401 3487 Berol.
427 3429 508 3483 aest.
538 3420 619 3482 1868
646 3439 721 3500 pag.
739 3417 772 3500 6)
798 3418 955 3498 quodque
973 3417 1160 3478 Mommsen
1177 3413 1303 3497 (Herm.
1321 3412 1369 3474 Vl
1394 3431 1470 3492 pag.

191 3534 269 3608 232)
299 3533 328 3591 ei
360 3549 510 3592 assensus
541 3538 620 3591 erat.
668 3527 785 3605 ltaque
818 3525 846 3586 ei
879 3527 934 3604 qui
967 3543 1090 3586 novam
1122 3523 1303 3585 editionem
1335 3520 1471 3593 curabit,

190 3637 254 3698 alia
278 3640 364 3698 ratio
389 3658 427 3698 ac
452 3638 505 3698 via
530 3634 711 3698 insistenda
735 3635 809 3705 erit,
834 3651 934 3712 quam
959 3635 1147 3694 universam
1165 3632 1283 3692 Nissen
1305 3629 1324 3689 l.
1343 3649 1369 3688 c.
1396 3646 1471 3706 pag.

191 3761 323 3826 24-29
348 3744 520 3824 descripsit
544 3750 578 3803 et
602 3739 762 3803 definivit.
786 3776 831 3784 -
855 3738 951 3820 Quae
975 3749 1010 3801 ut
1035 3740 1078 3801 de
1101 3737 1300 3800 editionibus
1328 3742 1361 3795 et
1385 3733 1471 3794 codi-

190 3851 280 3912 cibus
305 3853 553 3931 praemitterem
578 3868 617 3909 ea
642 3867 676 3908 re
694 3847 855 3910 adductus
872 3867 952 3923 sum,
972 3846 1063 3928 quod
1080 3847 1123 3908 ad
1140 3867 1180 3908 ea
1197 3841 1472 3924 explicandorum

190 3959 318 4039 aliquot
343 3957 489 4020 locorum
513 3957 688 4019 dubiorum
712 3976 811 4018 causa
837 3957 915 4019 mihi
939 3955 1192 4036 regrediendum
1217 3951 1286 4013 erit.

279 4066 398 4128 Artem
431 4075 542 4128 autem
574 4065 721 4127 criticam
751 4068 783 4125 in
814 4062 925 4124 multis
961 4062 1109 4144 partibus
1142 4060 1245 4123 iuvari
1286 4060 1322 4119 iis
1357 4057 1472 4118 studiis

190 4183 340 4256 apparet,
368 4174 486 4253 quibus
511 4174 641 4236 dicendi
666 4177 751 4234 ratio
778 4180 811 4232 et
834 4175 986 4251 syntaxis
1009 4169 1178 4250 scriptoris
1210 4168 1409 4255 perquiritur
1439 4174 1473 4226 et

190 4280 392 4363 exploratur.
434 4282 529 4344 Haec
553 4281 662 4342 studia
687 4283 719 4341 in
744 4280 821 4359 ipsis
846 4278 1014 4342 Ammiani
1040 4277 1130 4337 libris
1153 4275 1229 4336 ideo
1253 4273 1365 4353 magni
1391 4292 1471 4353 pon-

190 4389 276 4452 deris
300 4399 384 4463 sunt,
412 4390 501 4471 quod
526 4409 593 4450 non
611 4388 718 4450 solum
738 4391 769 4448 in
788 4390 973 4448 universum
991 4385 1134 4465 priorum
1152 4402 1260 4444 rerum
1276 4381 1470 4462 scriptorum
