<?xml version="1.0" encoding="UTF-8"?>
<!DOCTYPE html PUBLIC "-//W3C//DTD XHTML 1.0 Transitional//EN"
    "http://www.w3.org/TR/xhtml1/DTD/xhtml1-transitional.dtd">
<html xmlns="http://www.w3.org/1999/xhtml" xml:lang="en" lang="en">
 <head>
  <title>
</title>
<meta http-equiv="Content-Type" content="text/html;charset=utf-8" />
  <meta name='ocr-system' content='tesseract 3.04.00' />
  <meta name='ocr-capabilities' content='ocr_page ocr_carea ocr_par ocr_line ocrx_word'/>
</head>
<body>
  <div class='ocr_page' id='page_1' title='image "./deammianimarcel00reitgoog_0056.png"; bbox 0 0 3282 4918; ppageno 0'>
   <div class='ocr_carea' id='block_1_1' title="bbox 829 153 908 252">
    <p class='ocr_par' dir='ltr' id='par_1_1' title="bbox 829 153 908 252">
     <span class='ocr_line' id='line_1_1' title="bbox 829 153 908 252; baseline -0.025 0"><span class='ocrx_word' id='word_1_1' title='bbox 829 153 908 252; x_wconf 67' lang='grc' dir='ltr'>ω’</span> 
     </span>
    </p>
   </div>
   <div class='ocr_carea' id='block_1_2' title="bbox 209 359 1492 770">
    <p class='ocr_par' dir='ltr' id='par_1_2' title="bbox 209 359 1492 770">
     <span class='ocr_line' id='line_1_2' title="bbox 209 359 1490 450; baseline 0 -24"><span class='ocrx_word' id='word_1_2' title='bbox 209 382 280 426; x_wconf 78' lang='lat' dir='ltr'>aum</span> <span class='ocrx_word' id='word_1_3' title='bbox 310 381 381 426; x_wconf 89' lang='lat' dir='ltr'>esse</span> <span class='ocrx_word' id='word_1_4' title='bbox 405 361 560 428; x_wconf 89' lang='lat' dir='ltr'>Nissenus</span> <span class='ocrx_word' id='word_1_5' title='bbox 590 359 719 446; x_wconf 82' lang='lat' dir='ltr'>(fragm.</span> <span class='ocrx_word' id='word_1_6' title='bbox 744 359 911 446; x_wconf 89' lang='lat' dir='ltr'>Marburg.</span> <span class='ocrx_word' id='word_1_7' title='bbox 941 384 1014 448; x_wconf 90' lang='lat' dir='ltr'>pag.</span> <span class='ocrx_word' id='word_1_8' title='bbox 1041 364 1097 450; x_wconf 82' lang='lat'>25)</span> <span class='ocrx_word' id='word_1_9' title='bbox 1130 361 1299 427; x_wconf 89' lang='lat' dir='ltr'>contendit</span> <span class='ocrx_word' id='word_1_10' title='bbox 1332 362 1490 446; x_wconf 89' lang='lat' dir='ltr'>angustiis</span> 
     </span>
     <span class='ocr_line' id='line_1_3' title="bbox 211 467 1492 556; baseline 0 -22"><span class='ocrx_word' id='word_1_11' title='bbox 211 468 376 553; x_wconf 88' lang='lat' dir='ltr'>temporis,</span> <span class='ocrx_word' id='word_1_12' title='bbox 402 468 521 552; x_wconf 91' lang='lat' dir='ltr'>quibus</span> <span class='ocrx_word' id='word_1_13' title='bbox 544 467 720 554; x_wconf 89' lang='lat' dir='ltr'>impeditus</span> <span class='ocrx_word' id='word_1_14' title='bbox 743 476 801 548; x_wconf 86' lang='lat' dir='ltr'>est,</span> <span class='ocrx_word' id='word_1_15' title='bbox 827 471 1000 556; x_wconf 88' lang='lat' dir='ltr'>quominus</span> <span class='ocrx_word' id='word_1_16' title='bbox 1018 491 1082 554; x_wconf 92' lang='lat' dir='ltr'>quo</span> <span class='ocrx_word' id='word_1_17' title='bbox 1099 469 1195 534; x_wconf 92' lang='lat' dir='ltr'>modo</span> <span class='ocrx_word' id='word_1_18' title='bbox 1212 470 1245 534; x_wconf 91' lang='lat' dir='ltr'>in</span> <span class='ocrx_word' id='word_1_19' title='bbox 1262 472 1379 536; x_wconf 87' lang='lat' dir='ltr'>ceteris</span> <span class='ocrx_word' id='word_1_20' title='bbox 1395 469 1492 534; x_wconf 88' lang='lat' dir='ltr'>huius</span> 
     </span>
     <span class='ocr_line' id='line_1_4' title="bbox 212 574 1491 661; baseline 0.002 -21"><span class='ocrx_word' id='word_1_21' title='bbox 212 575 297 642; x_wconf 92' lang='lat' dir='ltr'>modi</span> <span class='ocrx_word' id='word_1_22' title='bbox 327 575 410 641; x_wconf 89' lang='lat' dir='ltr'>locis</span> <span class='ocrx_word' id='word_1_23' title='bbox 432 574 622 641; x_wconf 84' lang='lat' dir='ltr'><strong>Ammianus</strong></span> <span class='ocrx_word' id='word_1_24' title='bbox 653 599 731 642; x_wconf 90' lang='lat' dir='ltr'>usus</span> <span class='ocrx_word' id='word_1_25' title='bbox 755 583 840 642; x_wconf 89' lang='lat' dir='ltr'>esset</span> <span class='ocrx_word' id='word_1_26' title='bbox 863 579 1049 644; x_wconf 70' lang='lat' dir='ltr'><strong>accuratius</strong></span> <span class='ocrx_word' id='word_1_27' title='bbox 1072 577 1269 661; x_wconf 74' lang='lat' dir='ltr'><strong>exploraret.</strong></span> <span class='ocrx_word' id='word_1_28' title='bbox 1315 578 1491 642; x_wconf 87' lang='lat' dir='ltr'>Praeterea</span> 
     </span>
     <span class='ocr_line' id='line_1_5' title="bbox 209 682 1490 770; baseline 0.002 -24"><span class='ocrx_word' id='word_1_29' title='bbox 209 682 270 748; x_wconf 90' lang='lat' dir='ltr'>hoc</span> <span class='ocrx_word' id='word_1_30' title='bbox 301 682 453 767; x_wconf 88' lang='lat' dir='ltr'>exemplo</span> <span class='ocrx_word' id='word_1_31' title='bbox 483 684 644 767; x_wconf 89' lang='lat' dir='ltr'>probatur</span> <span class='ocrx_word' id='word_1_32' title='bbox 667 690 756 750; x_wconf 91' lang='lat' dir='ltr'>recte</span> <span class='ocrx_word' id='word_1_33' title='bbox 778 682 962 751; x_wconf 80' lang='lat' dir='ltr'>iudicaria</span> <span class='ocrx_word' id='word_1_34' title='bbox 986 685 1122 751; x_wconf 85' lang='lat' dir='ltr'>Nisseno</span> <span class='ocrx_word' id='word_1_35' title='bbox 1147 685 1182 770; x_wconf 82' lang='lat' dir='ltr'>(l.</span> <span class='ocrx_word' id='word_1_36' title='bbox 1208 707 1235 750; x_wconf 92' lang='lat' dir='ltr'>c.</span> <span class='ocrx_word' id='word_1_37' title='bbox 1260 706 1334 769; x_wconf 90' lang='lat' dir='ltr'>pag.</span> <span class='ocrx_word' id='word_1_38' title='bbox 1360 689 1401 749; x_wconf 83' lang='grc'>28</span> <span class='ocrx_word' id='word_1_39' title='bbox 1425 684 1490 769; x_wconf 76' lang='lat' dir='ltr'>sq.)</span> 
     </span>
    </p>
   </div>
   <div class='ocr_carea' id='block_1_3' title="bbox 208 790 1598 876">
    <p class='ocr_par' dir='ltr' id='par_1_3' title="bbox 208 790 1598 876">
     <span class='ocr_line' id='line_1_6' title="bbox 208 790 1598 876; baseline -0.004 -18"><span class='ocrx_word' id='word_1_40' title='bbox 208 791 354 858; x_wconf 75' lang='lat' dir='ltr'>editione</span> <span class='ocrx_word' id='word_1_41' title='bbox 385 791 565 858; x_wconf 83' lang='lat' dir='ltr'>Geleniana</span> <span class='ocrx_word' id='word_1_42' title='bbox 595 794 727 859; x_wconf 88' lang='lat' dir='ltr'>minime</span> <span class='ocrx_word' id='word_1_43' title='bbox 758 815 882 860; x_wconf 90' lang='lat' dir='ltr'>meram</span> <span class='ocrx_word' id='word_1_44' title='bbox 914 792 1065 876; x_wconf 88' lang='lat' dir='ltr'>praeberi</span> <span class='ocrx_word' id='word_1_45' title='bbox 1101 791 1222 857; x_wconf 89' lang='lat' dir='ltr'>codicis</span> <span class='ocrx_word' id='word_1_46' title='bbox 1253 790 1490 856; x_wconf 86' lang='lat' dir='ltr'>Hersfeldensis</span> <span class='ocrx_word' id='word_1_47' title='bbox 1595 845 1598 852; x_wconf 80' lang='grc'>,</span> 
     </span>
    </p>
   </div>
   <div class='ocr_carea' id='block_1_4' title="bbox 206 897 1508 989">
    <p class='ocr_par' dir='ltr' id='par_1_4' title="bbox 206 897 1508 989">
     <span class='ocr_line' id='line_1_7' title="bbox 206 897 1508 989; baseline -0.004 -24"><span class='ocrx_word' id='word_1_48' title='bbox 206 900 383 966; x_wconf 90' lang='lat' dir='ltr'>lectionem</span> <span class='ocrx_word' id='word_1_49' title='bbox 407 899 465 966; x_wconf 87' lang='lat' dir='ltr'>sed</span> <span class='ocrx_word' id='word_1_50' title='bbox 488 922 561 966; x_wconf 91' lang='lat' dir='ltr'>eum</span> <span class='ocrx_word' id='word_1_51' title='bbox 585 899 785 989; x_wconf 82' lang='lat' dir='ltr'>(Gelonium)</span> <span class='ocrx_word' id='word_1_52' title='bbox 810 923 929 986; x_wconf 87' lang='lat' dir='ltr'>magna</span> <span class='ocrx_word' id='word_1_53' title='bbox 953 922 991 967; x_wconf 86' lang='lat' dir='ltr'>ex</span> <span class='ocrx_word' id='word_1_54' title='bbox 1015 905 1110 984; x_wconf 86' lang='lat' dir='ltr'>parte</span> <span class='ocrx_word' id='word_1_55' title='bbox 1142 903 1294 988; x_wconf 86' lang='lat' dir='ltr'>secutum</span> <span class='ocrx_word' id='word_1_56' title='bbox 1318 919 1387 965; x_wconf 90' lang='lat' dir='ltr'>esse</span> <span class='ocrx_word' id='word_1_57' title='bbox 1418 897 1508 964; x_wconf 82' lang='lat' dir='ltr'>edd..</span> 
     </span>
    </p>
   </div>
   <div class='ocr_carea' id='block_1_5' title="bbox 207 1006 1593 1100">
    <p class='ocr_par' dir='ltr' id='par_1_5' title="bbox 207 1006 1593 1100">
     <span class='ocr_line' id='line_1_8' title="bbox 207 1006 1593 1100; baseline 0 -29"><span class='ocrx_word' id='word_1_58' title='bbox 207 1007 336 1074; x_wconf 85' lang='lat' dir='ltr'>Erasmi</span> <span class='ocrx_word' id='word_1_59' title='bbox 348 1008 374 1096; x_wconf 88' lang='lat'>¹)</span> <span class='ocrx_word' id='word_1_60' title='bbox 400 1013 433 1073; x_wconf 89' lang='lat' dir='ltr'>et</span> <span class='ocrx_word' id='word_1_61' title='bbox 456 1007 604 1074; x_wconf 85' lang='lat' dir='ltr'>Accursii</span> <span class='ocrx_word' id='word_1_62' title='bbox 628 1008 760 1097; x_wconf 83' lang='lat' dir='ltr'>(Nissen</span> <span class='ocrx_word' id='word_1_63' title='bbox 782 1010 803 1075; x_wconf 93' lang='grc'>1.</span> <span class='ocrx_word' id='word_1_64' title='bbox 829 1031 856 1075; x_wconf 90' lang='lat' dir='ltr'>e.</span> <span class='ocrx_word' id='word_1_65' title='bbox 880 1029 954 1094; x_wconf 89' lang='lat' dir='ltr'>pag.</span> <span class='ocrx_word' id='word_1_66' title='bbox 982 1008 1048 1095; x_wconf 79' lang='lat'>25),</span> <span class='ocrx_word' id='word_1_67' title='bbox 1073 1007 1177 1074; x_wconf 90' lang='lat' dir='ltr'>multa</span> <span class='ocrx_word' id='word_1_68' title='bbox 1200 1012 1344 1072; x_wconf 87' lang='lat' dir='ltr'>mutasse</span> <span class='ocrx_word' id='word_1_69' title='bbox 1377 1012 1410 1072; x_wconf 90' lang='lat' dir='ltr'>et</span> <span class='ocrx_word' id='word_1_70' title='bbox 1435 1006 1491 1071; x_wconf 90' lang='lat' dir='ltr'>ad·</span> <span class='ocrx_word' id='word_1_71' title='bbox 1590 1088 1593 1100; x_wconf 26' lang='grc' dir='ltr'>ι</span> 
     </span>
    </p>
   </div>
   <div class='ocr_carea' id='block_1_6' title="bbox 206 1103 1492 3134">
    <p class='ocr_par' dir='ltr' id='par_1_6' title="bbox 209 1103 1189 1201">
     <span class='ocr_line' id='line_1_9' title="bbox 209 1103 1189 1201; baseline 0 -22"><span class='ocrx_word' id='word_1_72' title='bbox 209 1113 329 1181; x_wconf 83' lang='lat' dir='ltr'>didisse</span> <span class='ocrx_word' id='word_1_73' title='bbox 353 1136 370 1179; x_wconf 91' lang='lat' dir='ltr'>e</span> <span class='ocrx_word' id='word_1_74' title='bbox 395 1103 473 1183; x_wconf 70' lang='lat' dir='ltr'>cod.</span> <span class='ocrx_word' id='word_1_75' title='bbox 491 1114 724 1197; x_wconf 88' lang='lat' dir='ltr'>Hersfeldensi,</span> <span class='ocrx_word' id='word_1_76' title='bbox 749 1118 852 1183; x_wconf 88' lang='lat' dir='ltr'>multa</span> <span class='ocrx_word' id='word_1_77' title='bbox 875 1119 992 1201; x_wconf 64' lang='lat' dir='ltr'>ipsum,</span> <span class='ocrx_word' id='word_1_78' title='bbox 1007 1115 1189 1181; x_wconf 86' lang='lat' dir='ltr'>coniecisse.</span> 
     </span>
    </p>

    <p class='ocr_par' dir='ltr' id='par_1_7' title="bbox 298 1217 1074 1307">
     <span class='ocr_line' id='line_1_10' title="bbox 298 1217 1074 1307; baseline 0 -19"><span class='ocrx_word' id='word_1_79' title='bbox 298 1217 480 1307; x_wconf 80' lang='lat' dir='ltr'>Singularis</span> <span class='ocrx_word' id='word_1_80' title='bbox 504 1222 643 1307; x_wconf 89' lang='lat' dir='ltr'>denique</span> <span class='ocrx_word' id='word_1_81' title='bbox 667 1229 716 1290; x_wconf 88' lang='lat' dir='ltr'>est</span> <span class='ocrx_word' id='word_1_82' title='bbox 740 1225 963 1290; x_wconf 84' lang='lat' dir='ltr'>coniunctivus</span> <span class='ocrx_word' id='word_1_83' title='bbox 987 1223 1074 1289; x_wconf 89' lang='lat' dir='ltr'>loeo:</span> 
     </span>
    </p>

    <p class='ocr_par' dir='ltr' id='par_1_8' title="bbox 210 1327 1492 1734">
     <span class='ocr_line' id='line_1_11' title="bbox 210 1327 1435 1417; baseline -0.001 -23"><span class='ocrx_word' id='word_1_84' title='bbox 210 1329 308 1410; x_wconf 86' lang='lat' dir='ltr'>XXX,</span> <span class='ocrx_word' id='word_1_85' title='bbox 327 1335 358 1411; x_wconf 86' lang='lat'>2,</span> <span class='ocrx_word' id='word_1_86' title='bbox 374 1335 410 1395; x_wconf 87' lang='lat'>4:</span> <span class='ocrx_word' id='word_1_87' title='bbox 437 1328 643 1417; x_wconf 87' lang='lat' dir='ltr'>(imperator)</span> <span class='ocrx_word' id='word_1_88' title='bbox 659 1330 825 1396; x_wconf 80' lang='lat' dir='ltr'>Victorem</span> <span class='ocrx_word' id='word_1_89' title='bbox 841 1332 1035 1415; x_wconf 87' lang='lat' dir='ltr'>magistrum</span> <span class='ocrx_word' id='word_1_90' title='bbox 1051 1332 1197 1415; x_wconf 90' lang='lat' dir='ltr'>equitum</span> <span class='ocrx_word' id='word_1_91' title='bbox 1221 1334 1254 1399; x_wconf 83' lang='lat' dir='ltr'>et</span> <span class='ocrx_word' id='word_1_92' title='bbox 1266 1327 1435 1394; x_wconf 90' lang='lat' dir='ltr'>Urbicium</span> 
     </span>
     <span class='ocr_line' id='line_1_12' title="bbox 369 1425 1492 1524; baseline -0.001 -23"><span class='ocrx_word' id='word_1_93' title='bbox 369 1438 417 1504; x_wconf 92' lang='lat' dir='ltr'>ire</span> <span class='ocrx_word' id='word_1_94' title='bbox 441 1458 581 1522; x_wconf 87' lang='lat' dir='ltr'>propere</span> <span class='ocrx_word' id='word_1_95' title='bbox 608 1425 703 1504; x_wconf 86' lang='lat' dir='ltr'>iussit</span> <span class='ocrx_word' id='word_1_96' title='bbox 732 1440 767 1504; x_wconf 91' lang='lat' dir='ltr'>in</span> <span class='ocrx_word' id='word_1_97' title='bbox 789 1440 906 1506; x_wconf 85' lang='lat' dir='ltr'>Persas</span> <span class='ocrx_word' id='word_1_98' title='bbox 937 1461 1128 1524; x_wconf 90' lang='lat' dir='ltr'>responsum</span> <span class='ocrx_word' id='word_1_99' title='bbox 1157 1437 1374 1523; x_wconf 74' lang='lat' dir='ltr'>perferentes:</span> <span class='ocrx_word' id='word_1_100' title='bbox 1406 1437 1492 1519; x_wconf 84' lang='lat' dir='ltr'>quod</span> 
     </span>
     <span class='ocr_line' id='line_1_13' title="bbox 367 1545 1490 1640; baseline -0.002 -31"><span class='ocrx_word' id='word_1_101' title='bbox 367 1566 427 1610; x_wconf 88' lang='lat' dir='ltr'>rex</span> <span class='ocrx_word' id='word_1_102' title='bbox 453 1545 558 1640; x_wconf 85' lang='lat' dir='ltr'>iustus</span> <span class='ocrx_word' id='word_1_103' title='bbox 582 1552 616 1611; x_wconf 90' lang='lat' dir='ltr'>ct</span> <span class='ocrx_word' id='word_1_104' title='bbox 642 1567 700 1612; x_wconf 92' lang='lat' dir='ltr'>suo</span> <span class='ocrx_word' id='word_1_105' title='bbox 730 1553 911 1628; x_wconf 86' lang='lat' dir='ltr'>contentus,</span> <span class='ocrx_word' id='word_1_106' title='bbox 943 1553 981 1613; x_wconf 92' lang='lat' dir='ltr'>ut</span> <span class='ocrx_word' id='word_1_107' title='bbox 1003 1546 1188 1626; x_wconf 85' lang='lat' dir='ltr'>iactitabat,</span> <span class='ocrx_word' id='word_1_108' title='bbox 1213 1545 1347 1611; x_wconf 89' lang='lat' dir='ltr'>sceleste</span> <span class='ocrx_word' id='word_1_109' title='bbox 1376 1563 1490 1608; x_wconf 90' lang='lat' dir='ltr'>coucu-</span> 
     </span>
     <span class='ocr_line' id='line_1_14' title="bbox 361 1653 747 1734; baseline 0.01 -18"><span class='ocrx_word' id='word_1_110' title='bbox 361 1653 475 1734; x_wconf 80' lang='lat' dir='ltr'>piscut</span> <span class='ocrx_word' id='word_1_111' title='bbox 497 1653 703 1718; x_wconf 84' lang='lat' dir='ltr'>Armeniam.</span> <span class='ocrx_word' id='word_1_112' title='bbox 718 1705 725 1719; x_wconf 90' lang='lat'>.</span> <span class='ocrx_word' id='word_1_113' title='bbox 740 1705 747 1720; x_wconf 90' lang='lat'>.</span> 
     </span>
    </p>

    <p class='ocr_par' dir='ltr' id='par_1_9' title="bbox 214 1759 1290 1848">
     <span class='ocr_line' id='line_1_15' title="bbox 214 1759 1290 1848; baseline 0.002 -26"><span class='ocrx_word' id='word_1_114' title='bbox 214 1759 406 1842; x_wconf 84' lang='lat' dir='ltr'>(sequuntur</span> <span class='ocrx_word' id='word_1_115' title='bbox 429 1759 615 1825; x_wconf 77' lang='lat' dir='ltr'>indicativi:</span> <span class='ocrx_word' id='word_1_116' title='bbox 641 1763 846 1843; x_wconf 68' lang='lat' dir='ltr'>reverterim,</span> <span class='ocrx_word' id='word_1_117' title='bbox 872 1760 1057 1845; x_wconf 75' lang='lat' dir='ltr'>complebit,</span> <span class='ocrx_word' id='word_1_118' title='bbox 1083 1760 1290 1848; x_wconf 83' lang='lat' dir='ltr'>supersedit).</span> 
     </span>
    </p>

    <p class='ocr_par' dir='ltr' id='par_1_10' title="bbox 208 1865 1489 2277">
     <span class='ocr_line' id='line_1_16' title="bbox 303 1865 1489 1955; baseline -0.003 -23"><span class='ocrx_word' id='word_1_119' title='bbox 303 1867 401 1946; x_wconf 83' lang='lat' dir='ltr'>Quem</span> <span class='ocrx_word' id='word_1_120' title='bbox 424 1868 533 1934; x_wconf 94' lang='lat' dir='ltr'>locum</span> <span class='ocrx_word' id='word_1_121' title='bbox 556 1869 795 1954; x_wconf 88' lang='lat' dir='ltr'>Kallenbergus</span> <span class='ocrx_word' id='word_1_122' title='bbox 820 1892 949 1955; x_wconf 90' lang='lat' dir='ltr'>quoque</span> <span class='ocrx_word' id='word_1_123' title='bbox 972 1869 1111 1955; x_wconf 87' lang='lat' dir='ltr'>protulit</span> <span class='ocrx_word' id='word_1_124' title='bbox 1134 1889 1207 1953; x_wconf 91' lang='lat' dir='ltr'>pag.</span> <span class='ocrx_word' id='word_1_125' title='bbox 1235 1874 1289 1946; x_wconf 88' lang='lat'>18,</span> <span class='ocrx_word' id='word_1_126' title='bbox 1323 1866 1380 1932; x_wconf 90' lang='lat' dir='ltr'>sed</span> <span class='ocrx_word' id='word_1_127' title='bbox 1408 1865 1489 1930; x_wconf 89' lang='lat' dir='ltr'>nihil</span> 
     </span>
     <span class='ocr_line' id='line_1_17' title="bbox 211 1972 1488 2059; baseline -0.002 -21"><span class='ocrx_word' id='word_1_128' title='bbox 211 1972 300 2038; x_wconf 87' lang='lat' dir='ltr'>aliud</span> <span class='ocrx_word' id='word_1_129' title='bbox 323 1975 493 2040; x_wconf 84' lang='lat' dir='ltr'>annotavit</span> <span class='ocrx_word' id='word_1_130' title='bbox 522 1997 620 2059; x_wconf 91' lang='lat' dir='ltr'>quam</span> <span class='ocrx_word' id='word_1_131' title='bbox 644 1976 865 2057; x_wconf 88' lang='lat' dir='ltr'>Ammianum,</span> <span class='ocrx_word' id='word_1_132' title='bbox 903 2001 976 2043; x_wconf 89' lang='lat' dir='ltr'>eum</span> <span class='ocrx_word' id='word_1_133' title='bbox 1000 1977 1118 2043; x_wconf 89' lang='lat' dir='ltr'>Graeci</span> <span class='ocrx_word' id='word_1_134' title='bbox 1147 1974 1193 2039; x_wconf 82' lang='grc' dir='ltr'>ὅτι</span> <span class='ocrx_word' id='word_1_135' title='bbox 1222 1974 1437 2041; x_wconf 89' lang='lat' dir='ltr'>antecedente</span> <span class='ocrx_word' id='word_1_136' title='bbox 1460 1994 1488 2037; x_wconf 95' lang='lat'>0.</span> 
     </span>
     <span class='ocr_line' id='line_1_18' title="bbox 208 2079 1488 2169; baseline -0.001 -24"><span class='ocrx_word' id='word_1_137' title='bbox 208 2081 401 2148; x_wconf 90' lang='lat' dir='ltr'>indirectam</span> <span class='ocrx_word' id='word_1_138' title='bbox 425 2079 472 2146; x_wconf 82' lang='grc' dir='ltr'>ὅτι</span> <span class='ocrx_word' id='word_1_139' title='bbox 495 2085 613 2150; x_wconf 90' lang='lat' dir='ltr'>omisso</span> <span class='ocrx_word' id='word_1_140' title='bbox 637 2085 814 2151; x_wconf 84' lang='lat' dir='ltr'>indicativo</span> <span class='ocrx_word' id='word_1_141' title='bbox 838 2092 897 2150; x_wconf 88' lang='lat' dir='ltr'>aut</span> <span class='ocrx_word' id='word_1_142' title='bbox 928 2087 1074 2169; x_wconf 87' lang='lat' dir='ltr'>optativo</span> <span class='ocrx_word' id='word_1_143' title='bbox 1105 2091 1164 2149; x_wconf 87' lang='lat' dir='ltr'>aut</span> <span class='ocrx_word' id='word_1_144' title='bbox 1193 2083 1352 2148; x_wconf 88' lang='lat' dir='ltr'>infinitivo</span> <span class='ocrx_word' id='word_1_145' title='bbox 1385 2081 1488 2147; x_wconf 91' lang='lat' dir='ltr'>conti-</span> 
     </span>
     <span class='ocr_line' id='line_1_19' title="bbox 208 2190 909 2277; baseline 0.01 -25"><span class='ocrx_word' id='word_1_146' title='bbox 208 2195 358 2270; x_wconf 87' lang='lat' dir='ltr'>nuarent,</span> <span class='ocrx_word' id='word_1_147' title='bbox 383 2211 495 2256; x_wconf 89' lang='lat' dir='ltr'>omnes</span> <span class='ocrx_word' id='word_1_148' title='bbox 518 2190 578 2256; x_wconf 84' lang='lat' dir='ltr'>has</span> <span class='ocrx_word' id='word_1_149' title='bbox 602 2197 784 2259; x_wconf 89' lang='lat' dir='ltr'>structuras</span> <span class='ocrx_word' id='word_1_150' title='bbox 808 2193 909 2277; x_wconf 89' lang='lat' dir='ltr'>sequi.</span> 
     </span>
    </p>

    <p class='ocr_par' dir='ltr' id='par_1_11' title="bbox 208 2295 1489 2600">
     <span class='ocr_line' id='line_1_20' title="bbox 235 2295 1489 2382; baseline -0.001 -21"><span class='ocrx_word' id='word_1_151' title='bbox 235 2321 239 2328; x_wconf 54' lang='lat'><strong>⁴</strong></span> <span class='ocrx_word' id='word_1_152' title='bbox 298 2297 401 2362; x_wconf 91' lang='lat' dir='ltr'>Mirus</span> <span class='ocrx_word' id='word_1_153' title='bbox 431 2304 540 2363; x_wconf 89' lang='lat' dir='ltr'>autem</span> <span class='ocrx_word' id='word_1_154' title='bbox 571 2303 622 2364; x_wconf 91' lang='lat' dir='ltr'>est</span> <span class='ocrx_word' id='word_1_155' title='bbox 651 2306 783 2382; x_wconf 87' lang='lat' dir='ltr'>praeter</span> <span class='ocrx_word' id='word_1_156' title='bbox 813 2299 1007 2368; x_wconf 82' lang='lat' dir='ltr'>indicativus</span> <span class='ocrx_word' id='word_1_157' title='bbox 1038 2297 1151 2364; x_wconf 91' lang='lat' dir='ltr'>modos</span> <span class='ocrx_word' id='word_1_158' title='bbox 1187 2297 1411 2380; x_wconf 82' lang='lat' dir='ltr'>insequentes,</span> <span class='ocrx_word' id='word_1_159' title='bbox 1449 2295 1489 2360; x_wconf 92' lang='lat' dir='ltr'>de</span> 
     </span>
     <span class='ocr_line' id='line_1_21' title="bbox 210 2404 1489 2490; baseline 0 -22"><span class='ocrx_word' id='word_1_160' title='bbox 210 2404 328 2488; x_wconf 80' lang='lat' dir='ltr'>quIbus</span> <span class='ocrx_word' id='word_1_161' title='bbox 359 2426 437 2471; x_wconf 89' lang='lat' dir='ltr'>sane</span> <span class='ocrx_word' id='word_1_162' title='bbox 468 2412 558 2472; x_wconf 89' lang='lat' dir='ltr'>recte</span> <span class='ocrx_word' id='word_1_163' title='bbox 587 2405 768 2473; x_wconf 87' lang='lat' dir='ltr'>iudicatum</span> <span class='ocrx_word' id='word_1_164' title='bbox 797 2414 846 2473; x_wconf 90' lang='lat' dir='ltr'>est</span> <span class='ocrx_word' id='word_1_165' title='bbox 868 2429 889 2473; x_wconf 91' lang='lat' dir='ltr'><strong>a</strong></span> <span class='ocrx_word' id='word_1_166' title='bbox 912 2406 1148 2490; x_wconf 88' lang='lat' dir='ltr'>Kallenbergo,</span> <span class='ocrx_word' id='word_1_167' title='bbox 1180 2409 1309 2489; x_wconf 88' lang='lat' dir='ltr'>tempus</span> <span class='ocrx_word' id='word_1_168' title='bbox 1331 2423 1489 2488; x_wconf 81' lang='lat' dir='ltr'>praeseus</span> 
     </span>
     <span class='ocr_line' id='line_1_22' title="bbox 208 2511 1489 2600; baseline 0 -26"><span class='ocrx_word' id='word_1_169' title='bbox 208 2511 241 2575; x_wconf 94' lang='lat' dir='ltr'>in</span> <span class='ocrx_word' id='word_1_170' title='bbox 273 2511 373 2578; x_wconf 88' lang='lat' dir='ltr'>verbo</span> <span class='ocrx_word' id='word_1_171' title='bbox 395 2513 677 2600; x_wconf 59' lang='lat' dir='ltr'>„concupisceret</span> <span class='ocrx_word' id='word_1_172' title='bbox 725 2514 860 2580; x_wconf 86' lang='lat' dir='ltr'>Collatis</span> <span class='ocrx_word' id='word_1_173' title='bbox 892 2536 965 2580; x_wconf 91' lang='lat' dir='ltr'>cum</span> <span class='ocrx_word' id='word_1_174' title='bbox 996 2515 1058 2579; x_wconf 94' lang='lat' dir='ltr'>hoc</span> <span class='ocrx_word' id='word_1_175' title='bbox 1085 2514 1158 2579; x_wconf 89' lang='lat' dir='ltr'>Ioco</span> <span class='ocrx_word' id='word_1_176' title='bbox 1182 2511 1307 2591; x_wconf 87' lang='lat' dir='ltr'>XXIX,</span> <span class='ocrx_word' id='word_1_177' title='bbox 1342 2515 1378 2591; x_wconf 82' lang='lat'>2,</span> <span class='ocrx_word' id='word_1_178' title='bbox 1412 2516 1430 2574; x_wconf 76' lang='grc'>9</span> <span class='ocrx_word' id='word_1_179' title='bbox 1457 2516 1489 2574; x_wconf 91' lang='lat' dir='ltr'>et</span> 
     </span>
    </p>

    <p class='ocr_par' dir='ltr' id='par_1_12' title="bbox 207 2618 1488 2704">
     <span class='ocr_line' id='line_1_23' title="bbox 207 2618 1488 2704; baseline -0.002 -22"><span class='ocrx_word' id='word_1_180' title='bbox 207 2618 325 2701; x_wconf 93' lang='lat' dir='ltr'>XXIX,</span> <span class='ocrx_word' id='word_1_181' title='bbox 352 2624 381 2700; x_wconf 83' lang='lat'>2,</span> <span class='ocrx_word' id='word_1_182' title='bbox 409 2626 447 2686; x_wconf 85' lang='lat'>12</span> <span class='ocrx_word' id='word_1_183' title='bbox 466 2621 672 2704; x_wconf 81' lang='lat' dir='ltr'>cognoscItur</span> <span class='ocrx_word' id='word_1_184' title='bbox 688 2620 893 2685; x_wconf 83' lang='lat' dir='ltr'>Ammianum</span> <span class='ocrx_word' id='word_1_185' title='bbox 909 2622 943 2685; x_wconf 92' lang='lat' dir='ltr'>in</span> <span class='ocrx_word' id='word_1_186' title='bbox 968 2620 1186 2704; x_wconf 87' lang='lat' dir='ltr'>exprimendis</span> <span class='ocrx_word' id='word_1_187' title='bbox 1209 2619 1248 2683; x_wconf 90' lang='lat' dir='ltr'>iis</span> <span class='ocrx_word' id='word_1_188' title='bbox 1271 2618 1380 2697; x_wconf 88' lang='lat' dir='ltr'>rebus,</span> <span class='ocrx_word' id='word_1_189' title='bbox 1405 2637 1488 2700; x_wconf 87' lang='lat' dir='ltr'>quae</span> 
     </span>
    </p>

    <p class='ocr_par' dir='ltr' id='par_1_13' title="bbox 206 2724 1488 2812">
     <span class='ocr_line' id='line_1_24' title="bbox 206 2724 1488 2812; baseline -0.002 -22"><span class='ocrx_word' id='word_1_190' title='bbox 206 2724 250 2790; x_wconf 87' lang='lat' dir='ltr'>ad</span> <span class='ocrx_word' id='word_1_191' title='bbox 272 2748 428 2810; x_wconf 88' lang='lat' dir='ltr'>praesens</span> <span class='ocrx_word' id='word_1_192' title='bbox 451 2728 614 2811; x_wconf 90' lang='lat' dir='ltr'>loquentis</span> <span class='ocrx_word' id='word_1_193' title='bbox 638 2733 766 2812; x_wconf 89' lang='lat' dir='ltr'>tempus</span> <span class='ocrx_word' id='word_1_194' title='bbox 791 2734 950 2812; x_wconf 85' lang='lat' dir='ltr'>spectant,</span> <span class='ocrx_word' id='word_1_195' title='bbox 976 2729 1073 2794; x_wconf 88' lang='lat' dir='ltr'>etiam</span> <span class='ocrx_word' id='word_1_196' title='bbox 1096 2728 1131 2792; x_wconf 92' lang='lat' dir='ltr'>in</span> <span class='ocrx_word' id='word_1_197' title='bbox 1155 2747 1184 2791; x_wconf 92' lang='lat'>0.</span> <span class='ocrx_word' id='word_1_198' title='bbox 1202 2748 1230 2791; x_wconf 91' lang='grc' dir='ltr'>ο.</span> <span class='ocrx_word' id='word_1_199' title='bbox 1248 2724 1414 2790; x_wconf 88' lang='lat' dir='ltr'>interdum</span> <span class='ocrx_word' id='word_1_200' title='bbox 1437 2746 1488 2789; x_wconf 92' lang='lat' dir='ltr'>re-</span> 
     </span>
    </p>

    <p class='ocr_par' dir='ltr' id='par_1_14' title="bbox 207 2834 1488 3025">
     <span class='ocr_line' id='line_1_25' title="bbox 207 2834 1488 2918; baseline -0.001 -22"><span class='ocrx_word' id='word_1_201' title='bbox 207 2834 343 2898; x_wconf 87' lang='lat' dir='ltr'>tinuisse</span> <span class='ocrx_word' id='word_1_202' title='bbox 367 2855 521 2918; x_wconf 87' lang='lat' dir='ltr'>praesens</span> <span class='ocrx_word' id='word_1_203' title='bbox 544 2840 672 2917; x_wconf 89' lang='lat' dir='ltr'>tempus</span> <span class='ocrx_word' id='word_1_204' title='bbox 687 2835 721 2899; x_wconf 93' lang='lat' dir='ltr'>in</span> <span class='ocrx_word' id='word_1_205' title='bbox 737 2835 925 2918; x_wconf 86' lang='lat' dir='ltr'>usurpando</span> <span class='ocrx_word' id='word_1_206' title='bbox 943 2836 1158 2914; x_wconf 83' lang='lat' dir='ltr'>coniunctivo,</span> <span class='ocrx_word' id='word_1_207' title='bbox 1183 2853 1381 2918; x_wconf 84' lang='lat' dir='ltr'>quamquam</span> <span class='ocrx_word' id='word_1_208' title='bbox 1398 2837 1488 2896; x_wconf 89' lang='lat' dir='ltr'>ante-</span> 
     </span>
     <span class='ocr_line' id='line_1_26' title="bbox 208 2938 1488 3025; baseline 0.001 -22"><span class='ocrx_word' id='word_1_209' title='bbox 208 2938 297 3004; x_wconf 88' lang='lat' dir='ltr'>cedit</span> <span class='ocrx_word' id='word_1_210' title='bbox 318 2945 447 3023; x_wconf 88' lang='lat' dir='ltr'>tempus</span> <span class='ocrx_word' id='word_1_211' title='bbox 471 2941 695 3024; x_wconf 88' lang='lat' dir='ltr'>praeteritum,</span> <span class='ocrx_word' id='word_1_212' title='bbox 720 2942 754 3005; x_wconf 90' lang='lat' dir='ltr'>id</span> <span class='ocrx_word' id='word_1_213' title='bbox 779 2942 866 3025; x_wconf 88' lang='lat' dir='ltr'>quod</span> <span class='ocrx_word' id='word_1_214' title='bbox 890 2944 923 3005; x_wconf 90' lang='lat' dir='ltr'>in</span> <span class='ocrx_word' id='word_1_215' title='bbox 951 2942 1136 3008; x_wconf 87' lang='lat' dir='ltr'>adhibendo</span> <span class='ocrx_word' id='word_1_216' title='bbox 1164 2940 1339 3006; x_wconf 87' lang='lat' dir='ltr'>indicativo</span> <span class='ocrx_word' id='word_1_217' title='bbox 1367 2940 1488 3021; x_wconf 85' lang='lat' dir='ltr'>saepis-</span> 
     </span>
    </p>

    <p class='ocr_par' dir='ltr' id='par_1_15' title="bbox 208 3031 1420 3134">
     <span class='ocr_line' id='line_1_27' title="bbox 208 3031 1420 3134; baseline 0.003 -24"><span class='ocrx_word' id='word_1_218' title='bbox 208 3031 287 3112; x_wconf 90' lang='lat' dir='ltr'>sime</span> <span class='ocrx_word' id='word_1_219' title='bbox 311 3048 484 3132; x_wconf 88' lang='lat' dir='ltr'>reperitur.</span> <span class='ocrx_word' id='word_1_220' title='bbox 531 3048 593 3134; x_wconf 92' lang='lat' dir='ltr'>(De</span> <span class='ocrx_word' id='word_1_221' title='bbox 616 3047 800 3112; x_wconf 89' lang='lat' dir='ltr'>indicativis</span> <span class='ocrx_word' id='word_1_222' title='bbox 822 3049 1068 3132; x_wconf 85' lang='lat' dir='ltr'>insequentibus</span> <span class='ocrx_word' id='word_1_223' title='bbox 1092 3073 1119 3116; x_wconf 89' lang='lat' dir='ltr'>v.</span> <span class='ocrx_word' id='word_1_224' title='bbox 1144 3049 1231 3114; x_wconf 86' lang='lat' dir='ltr'>infra</span> <span class='ocrx_word' id='word_1_225' title='bbox 1254 3067 1329 3130; x_wconf 85' lang='lat' dir='ltr'>pag.</span> <span class='ocrx_word' id='word_1_226' title='bbox 1356 3049 1420 3127; x_wconf 79' lang='grc'>68).</span> 
     </span>
    </p>
   </div>
   <div class='ocr_carea' id='block_1_7' title="bbox 580 3235 1115 3306">
    <p class='ocr_par' dir='ltr' id='par_1_16' title="bbox 580 3235 1115 3306">
     <span class='ocr_line' id='line_1_28' title="bbox 580 3235 1115 3306; baseline 0.004 -16"><span class='ocrx_word' id='word_1_227' title='bbox 580 3235 630 3290; x_wconf 87' lang='lat' dir='ltr'>De</span> <span class='ocrx_word' id='word_1_228' title='bbox 654 3235 896 3291; x_wconf 88' lang='lat' dir='ltr'>consecutione</span> <span class='ocrx_word' id='word_1_229' title='bbox 919 3239 1115 3306; x_wconf 89' lang='lat' dir='ltr'>temporum</span> 
     </span>
    </p>
   </div>
   <div class='ocr_carea' id='block_1_8' title="bbox 207 3367 1489 4100">
    <p class='ocr_par' dir='ltr' id='par_1_17' title="bbox 207 3367 1489 4100">
     <span class='ocr_line' id='line_1_29' title="bbox 207 3367 1488 3454; baseline -0.001 -21"><span class='ocrx_word' id='word_1_230' title='bbox 207 3368 307 3435; x_wconf 89' lang='lat' dir='ltr'>liceat</span> <span class='ocrx_word' id='word_1_231' title='bbox 328 3370 471 3436; x_wconf 84' lang='lat' dir='ltr'>breviter</span> <span class='ocrx_word' id='word_1_232' title='bbox 495 3370 529 3434; x_wconf 90' lang='lat' dir='ltr'>id</span> <span class='ocrx_word' id='word_1_233' title='bbox 554 3389 806 3435; x_wconf 89' lang='lat' dir='ltr'>commemorare</span> <span class='ocrx_word' id='word_1_234' title='bbox 831 3371 918 3454; x_wconf 91' lang='lat' dir='ltr'>quod</span> <span class='ocrx_word' id='word_1_235' title='bbox 941 3370 1041 3450; x_wconf 88' lang='lat' dir='ltr'>verbi,</span> <span class='ocrx_word' id='word_1_236' title='bbox 1067 3392 1084 3435; x_wconf 92' lang='lat' dir='ltr'>e</span> <span class='ocrx_word' id='word_1_237' title='bbox 1108 3389 1172 3452; x_wconf 93' lang='lat' dir='ltr'>quo</span> <span class='ocrx_word' id='word_1_238' title='bbox 1189 3367 1311 3452; x_wconf 92' lang='lat' dir='ltr'>pendet</span> <span class='ocrx_word' id='word_1_239' title='bbox 1327 3368 1488 3432; x_wconf 87' lang='lat' dir='ltr'>sententia</span> 
     </span>
     <span class='ocr_line' id='line_1_30' title="bbox 207 3477 685 3561; baseline -0.004 -19"><span class='ocrx_word' id='word_1_240' title='bbox 207 3498 228 3542; x_wconf 88' lang='lat' dir='ltr'>a</span> <span class='ocrx_word' id='word_1_241' title='bbox 250 3477 414 3560; x_wconf 85' lang='lat' dir='ltr'>particula</span> <span class='ocrx_word' id='word_1_242' title='bbox 438 3479 523 3561; x_wconf 81' lang='lat' dir='ltr'>quod</span> <span class='ocrx_word' id='word_1_243' title='bbox 545 3477 685 3556; x_wconf 89' lang='lat' dir='ltr'>ordiens,</span> 
     </span>
     <span class='ocr_line' id='line_1_31' title="bbox 308 3583 1489 3672; baseline -0.001 -23"><span class='ocrx_word' id='word_1_244' title='bbox 308 3584 343 3672; x_wconf 89' lang='lat' dir='ltr'>a)</span> <span class='ocrx_word' id='word_1_245' title='bbox 366 3585 582 3670; x_wconf 88' lang='lat' dir='ltr'>praeteritum</span> <span class='ocrx_word' id='word_1_246' title='bbox 604 3590 733 3668; x_wconf 89' lang='lat' dir='ltr'>tempus</span> <span class='ocrx_word' id='word_1_247' title='bbox 756 3584 905 3668; x_wconf 90' lang='lat' dir='ltr'>sequitur</span> <span class='ocrx_word' id='word_1_248' title='bbox 925 3583 1166 3667; x_wconf 86' lang='lat' dir='ltr'>imperfectum:</span> <span class='ocrx_word' id='word_1_249' title='bbox 1191 3584 1361 3668; x_wconf 81' lang='lat' dir='ltr'>quinquies</span> <span class='ocrx_word' id='word_1_250' title='bbox 1385 3583 1489 3648; x_wconf 82' lang='lat' dir='ltr'>docies</span> 
     </span>
     <span class='ocr_line' id='line_1_32' title="bbox 309 3689 1488 3778; baseline -0.003 -23"><span class='ocrx_word' id='word_1_251' title='bbox 309 3691 344 3778; x_wconf 91' lang='lat' dir='ltr'>b)</span> <span class='ocrx_word' id='word_1_252' title='bbox 368 3693 584 3776; x_wconf 88' lang='lat' dir='ltr'>praeteritum</span> <span class='ocrx_word' id='word_1_253' title='bbox 607 3697 735 3775; x_wconf 89' lang='lat' dir='ltr'>tempus</span> <span class='ocrx_word' id='word_1_254' title='bbox 758 3689 896 3775; x_wconf 89' lang='lat' dir='ltr'>perfecti</span> <span class='ocrx_word' id='word_1_255' title='bbox 920 3691 1159 3756; x_wconf 75' lang='lat' dir='ltr'>coniunctione:</span> <span class='ocrx_word' id='word_1_256' title='bbox 1184 3694 1300 3773; x_wconf 81' lang='lat' dir='ltr'>quater</span> <span class='ocrx_word' id='word_1_257' title='bbox 1316 3689 1417 3777; x_wconf 85' lang='lat' dir='ltr'>(XIV,</span> <span class='ocrx_word' id='word_1_258' title='bbox 1439 3694 1488 3769; x_wconf 95' lang='grc'>11,</span> 
     </span>
     <span class='ocr_line' id='line_1_33' title="bbox 369 3795 1488 3882; baseline -0.002 -20"><span class='ocrx_word' id='word_1_259' title='bbox 369 3804 426 3879; x_wconf 87' lang='grc'>22;</span> <span class='ocrx_word' id='word_1_260' title='bbox 451 3798 539 3879; x_wconf 86' lang='grc'>11111,</span> <span class='ocrx_word' id='word_1_261' title='bbox 567 3804 617 3879; x_wconf 87' lang='grc'>14,</span> <span class='ocrx_word' id='word_1_262' title='bbox 644 3797 810 3880; x_wconf 87' lang='grc'>2;111111,</span> <span class='ocrx_word' id='word_1_263' title='bbox 837 3802 866 3877; x_wconf 85' lang='lat'>2,</span> <span class='ocrx_word' id='word_1_264' title='bbox 895 3802 928 3876; x_wconf 90' lang='grc'>1;</span> <span class='ocrx_word' id='word_1_265' title='bbox 953 3795 1104 3878; x_wconf 91' lang='lat' dir='ltr'>XXVIII,</span> <span class='ocrx_word' id='word_1_266' title='bbox 1131 3802 1160 3878; x_wconf 85' lang='grc'>6,</span> <span class='ocrx_word' id='word_1_267' title='bbox 1190 3802 1241 3878; x_wconf 76' lang='lat' dir='ltr'>lt),</span> <span class='ocrx_word' id='word_1_268' title='bbox 1266 3797 1385 3882; x_wconf 90' lang='lat' dir='ltr'>quibus</span> <span class='ocrx_word' id='word_1_269' title='bbox 1409 3796 1488 3860; x_wconf 90' lang='lat' dir='ltr'>locis</span> 
     </span>
     <span class='ocr_line' id='line_1_34' title="bbox 369 3905 942 3992; baseline -0.002 -22"><span class='ocrx_word' id='word_1_270' title='bbox 369 3905 519 3974; x_wconf 88' lang='lat' dir='ltr'>omnibus</span> <span class='ocrx_word' id='word_1_271' title='bbox 542 3927 594 3972; x_wconf 92' lang='lat' dir='ltr'>res</span> <span class='ocrx_word' id='word_1_272' title='bbox 618 3910 729 3989; x_wconf 86' lang='lat' dir='ltr'>gestae</span> <span class='ocrx_word' id='word_1_273' title='bbox 751 3906 942 3992; x_wconf 73' lang='lat' dir='ltr'>narrantur)</span> 
     </span>
     <span class='ocr_line' id='line_1_35' title="bbox 313 4011 1487 4100; baseline -0.001 -23"><span class='ocrx_word' id='word_1_274' title='bbox 313 4012 344 4098; x_wconf 90' lang='lat' dir='ltr'>c)</span> <span class='ocrx_word' id='word_1_275' title='bbox 368 4013 585 4098; x_wconf 87' lang='lat' dir='ltr'>praeteritum</span> <span class='ocrx_word' id='word_1_276' title='bbox 608 4019 737 4097; x_wconf 87' lang='lat' dir='ltr'>tempus</span> <span class='ocrx_word' id='word_1_277' title='bbox 760 4033 913 4097; x_wconf 89' lang='lat' dir='ltr'>praesens</span> <span class='ocrx_word' id='word_1_278' title='bbox 938 4011 1150 4078; x_wconf 90' lang='lat' dir='ltr'>coniunctivi:</span> <span class='ocrx_word' id='word_1_279' title='bbox 1176 4018 1225 4080; x_wconf 84' lang='lat' dir='ltr'>ter</span> <span class='ocrx_word' id='word_1_280' title='bbox 1248 4012 1380 4100; x_wconf 91' lang='lat' dir='ltr'>(XXIX,</span> <span class='ocrx_word' id='word_1_281' title='bbox 1405 4015 1435 4092; x_wconf 92' lang='grc'>2,</span> <span class='ocrx_word' id='word_1_282' title='bbox 1454 4019 1487 4092; x_wconf 88' lang='grc'>9;</span> 
     </span>
    </p>
   </div>
   <div class='ocr_carea' id='block_1_9' title="bbox 370 4119 735 4206">
    <p class='ocr_par' dir='ltr' id='par_1_18' title="bbox 370 4119 735 4206">
     <span class='ocr_line' id='line_1_36' title="bbox 370 4119 735 4206; baseline 0.005 -23"><span class='ocrx_word' id='word_1_283' title='bbox 370 4125 399 4200; x_wconf 83' lang='lat' dir='ltr'>a,</span> <span class='ocrx_word' id='word_1_284' title='bbox 428 4119 607 4202; x_wconf 76' lang='grc' dir='ltr'>ι1;ΧΧΧ,</span> <span class='ocrx_word' id='word_1_285' title='bbox 636 4125 665 4200; x_wconf 83' lang='lat' dir='ltr'>a,</span> <span class='ocrx_word' id='word_1_286' title='bbox 690 4121 735 4206; x_wconf 77' lang='grc'>1).</span> 
     </span>
    </p>
   </div>
   <div class='ocr_carea' id='block_1_10' title="bbox 248 4279 824 4350">
    <p class='ocr_par' dir='ltr' id='par_1_19' title="bbox 248 4279 824 4350">
     <span class='ocr_line' id='line_1_37' title="bbox 248 4279 824 4350; baseline 0.003 -18"><span class='ocrx_word' id='word_1_287' title='bbox 248 4279 269 4346; x_wconf 87' lang='lat'>¹)</span> <span class='ocrx_word' id='word_1_288' title='bbox 288 4284 440 4346; x_wconf 89' lang='lat' dir='ltr'>Mommsen,</span> <span class='ocrx_word' id='word_1_289' title='bbox 460 4285 551 4334; x_wconf 89' lang='lat' dir='ltr'>Herm.</span> <span class='ocrx_word' id='word_1_290' title='bbox 574 4285 615 4347; x_wconf 87' lang='lat' dir='ltr'>VI,</span> <span class='ocrx_word' id='word_1_291' title='bbox 635 4300 696 4350; x_wconf 81' lang='lat' dir='ltr'>pag.</span> <span class='ocrx_word' id='word_1_292' title='bbox 716 4285 766 4348; x_wconf 86' lang='lat'>236</span> <span class='ocrx_word' id='word_1_293' title='bbox 786 4301 824 4350; x_wconf 89' lang='lat' dir='ltr'>sq.</span> 
     </span>
    </p>
   </div>
   <div class='ocr_carea' id='block_1_11' title="bbox 245 4371 1394 4511">
    <p class='ocr_par' dir='ltr' id='par_1_20' title="bbox 245 4371 1394 4511">
     <span class='ocr_line' id='line_1_38' title="bbox 245 4371 1394 4438; baseline 0 -16"><span class='ocrx_word' id='word_1_294' title='bbox 245 4371 268 4438; x_wconf 73' lang='grc'>2)</span> <span class='ocrx_word' id='word_1_295' title='bbox 289 4373 319 4423; x_wconf 91' lang='lat' dir='ltr'>V.</span> <span class='ocrx_word' id='word_1_296' title='bbox 339 4375 416 4424; x_wconf 83' lang='lat' dir='ltr'>etiam</span> <span class='ocrx_word' id='word_1_297' title='bbox 435 4376 590 4424; x_wconf 84' lang='lat' dir='ltr'>Ehrismann</span> <span class='ocrx_word' id='word_1_298' title='bbox 610 4377 626 4424; x_wconf 93' lang='lat' dir='ltr'>I.</span> <span class='ocrx_word' id='word_1_299' title='bbox 647 4391 668 4424; x_wconf 93' lang='lat' dir='ltr'>c.</span> <span class='ocrx_word' id='word_1_300' title='bbox 687 4390 748 4438; x_wconf 85' lang='lat' dir='ltr'>pag.</span> <span class='ocrx_word' id='word_1_301' title='bbox 770 4375 812 4436; x_wconf 89' lang='lat'>68,</span> <span class='ocrx_word' id='word_1_302' title='bbox 833 4374 877 4422; x_wconf 91' lang='lat' dir='ltr'>ubi</span> <span class='ocrx_word' id='word_1_303' title='bbox 896 4372 947 4421; x_wconf 90' lang='lat' dir='ltr'>hoc</span> <span class='ocrx_word' id='word_1_304' title='bbox 967 4389 1045 4422; x_wconf 88' lang='lat' dir='ltr'>unum</span> <span class='ocrx_word' id='word_1_305' title='bbox 1065 4375 1210 4438; x_wconf 84' lang='lat' dir='ltr'>exemplum</span> <span class='ocrx_word' id='word_1_306' title='bbox 1231 4372 1394 4438; x_wconf 88' lang='lat' dir='ltr'>proponitur.</span> 
     </span>
     <span class='ocr_line' id='line_1_39' title="bbox 1292 4459 1330 4511; baseline 0 -15"><span class='ocrx_word' id='word_1_307' title='bbox 1292 4459 1330 4511; x_wconf 73' lang='lat'>4*</span> 
     </span>
    </p>
   </div>
   <div class='ocr_carea' id='block_1_12' title="bbox 0 0 1646 4918">
    <p class='ocr_par' dir='ltr' id='par_1_21' title="bbox 0 0 1646 4918">
     <span class='ocr_line' id='line_1_40' title="bbox 0 0 1646 4918; baseline 0 0"><span class='ocrx_word' id='word_1_308' title='bbox 0 0 1646 4918; x_wconf 95' lang='lat' dir='ltr'> </span> 
     </span>
    </p>
   </div>
  </div>
 </body>
</html>
