3282 4918
573 133 576 147 l

985 179 988 193 Ι

666 199 670 207 “
820 185 863 250 30

732 277 945 284 ——ffi
981 276 984 284 ,

288 366 336 430 Ile
359 365 454 429 huius
479 363 688 447 pronominis,
715 363 771 446 qui
797 368 888 428 extat
912 363 944 426 in
971 360 1120 426 Caesaris
1143 362 1279 444 propria
1303 382 1330 426 o.
1355 382 1393 438 o.,
1420 382 1481 425 usu

199 456 330 540 disserit
345 473 461 538 Kaolce
486 471 520 557 (l.
538 492 565 535 c.
581 491 655 552 pag.
674 471 723 555 5):
750 470 837 552 „Der
854 469 1027 534 Gebrauch
1049 470 1092 533 ist
1109 468 1208 552 vdllig
1224 468 1479 546 unbesohr‘anlrt,

198 603 273 665 mag
302 581 371 647 sich
401 602 468 644 nun
497 579 551 644 hic
580 580 613 643 in
637 575 850 661 Verbindung
880 577 941 642 mit
965 577 1069 641 einem
1091 575 1276 641 Relativum
1298 575 1479 652 vorfinden,

96 761 101 778 Ι
198 711 273 773 mag
296 711 330 753 es
354 687 413 753 auf
433 688 526 752 einen
543 685 727 750 Nebensatz
748 685 924 750 hinweisen
949 684 1028 749 oder
1050 705 1125 768 mag
1149 708 1183 750 es
1207 684 1277 750 sich
1301 685 1361 750 auf
1382 691 1482 750 etwas

131 809 135 818 '
198 797 316 862 vorher
341 795 533 859 Erw'aihntes
557 793 721 870 beziehen,
748 793 849 858 selbst
874 813 948 875 mag
972 813 1006 856 es
1031 791 1160 859 endlich
1183 793 1336 858 rein‘das
1355 793 1481 876 Gegen-

198 905 332 986 wiirtige
355 904 388 966 in
413 901 471 966 der
495 902 566 965 Zeit
590 900 668 964 oder
692 902 736 964 im
759 900 884 964 Raume
908 898 1137 965 bezeichnen.“

208 1063 210 1070 ,
288 1012 327 1074 In
351 1010 512 1074 Ammiani
535 1005 637 1091 igitur
661 1009 809 1072 oratione
834 1029 862 1072 o.
886 1029 1066 1090 pronomen
1089 1009 1180 1086 „bic“
1203 1009 1367 1073 invenitur

298 1117 333 1204 a)
358 1120 395 1182 ν’νν
423 1119 571 1202 personis
602 1113 839 1199 significanda,
870 1113 905 1178 id
937 1115 1025 1197 quod
1049 1115 1225 1180 admodum
1255 1137 1330 1181 raro
1362 1114 1415 1192 fit,
1450 1122 1484 1180 et

254 1207 255 1217 ἵ
359 1223 490 1309 quidem

199 1334 266 1411 XV,
294 1337 325 1410 8,
352 1337 385 1396 2:
410 1353 492 1395 anus
517 1352 589 1395 cum
614 1331 747 1413 quinam
771 1336 857 1396 esset
879 1331 1044 1413 ingressus
1060 1329 1301 1412 conperisset..
1318 1380 1346 1394 ..
1374 1329 1484 1396 excla-

359 1440 461 1503 mavit
483 1439 568 1502 boae
593 1437 727 1502 deorum
750 1439 873 1520 templa
896 1421 1128 1522 reparaturum

199 1548 286 1623 XVI,
313 1557 364 1624 11,
390 1556 426 1612 7:
451 1544 546 1608 finxit
563 1596 570 1609 .
589 1596 620 1611 ..
644 1546 700 1611 bos
724 1545 854 1610 eosdem
879 1546 1028 1611 tribunos
1052 1546 1095 1611 ad
1111 1546 1335 1612 sollicitandos
1350 1546 1483 1623 milites

353 1675 441 1736 quos
466 1653 615 1730 duxerat,
640 1675 700 1735 per
724 1654 864 1737 speciem
890 1655 1014 1719 venisse
1037 1655 1160 1738 negotii
1187 1654 1321 1737 publici.

291 1763 371 1826 Cum
387 1764 421 1825 in
437 1761 488 1825 his
505 1761 632 1825 duobus
652 1761 806 1844 exemplis
827 1763 898 1827 sola
925 1764 974 1828 eis
998 1763 1251 1828 demonstrativa
1275 1761 1480 1840 exhibeatur,

200 1871 435 1936 demonstratio
459 1875 492 1934 et
515 1869 677 1952 oppositio
702 1891 727 1934 s.
752 1870 978 1952 aequiparatio
1004 1870 1196 1934 coniunctae
1221 1876 1407 1934 cernuntur.

200 1977 316 2054 XXIX,
344 1982 373 2056 5,
400 1980 457 2040 23:
490 1976 764 2059 vituperant...
789 1975 961 2041 Dardanos
994 1977 1104 2042 hostes
1133 1981 1352 2041 memorantes
1382 1977 1484 2042 inter-

362 2083 500 2162 necivos,
526 2089 558 2146 et
580 2083 675 2162 iuste,
701 2105 785 2166 quae
809 2083 1002 2162 sustinuere,
1026 2105 1209 2168 perpessos,
1234 2083 1290 2148 laos
1305 2105 1381 2149 vero
1407 2083 1484 2148 sub-

361 2190 513 2274 signanos
536 2188 656 2252 milites
680 2188 831 2253 debuisse
853 2189 958 2254 lenius
982 2191 1102 2274 corrigi

201 2297 300 2375 XXX,
327 2302 356 2376 8,
391 2302 427 2360 8:
454 2317 636 2378 quam...
660 2317 802 2379 purgare
826 2296 1050 2380 temptabant,
1082 2297 1117 2361 id
1147 2297 1350 2363 adfirmando
1384 2298 1483 2382 quod,

363 2411 400 2468 ut
430 2405 487 2468 illc
512 2401 735 2490 (Aurelianus)
751 2455 755 2466 .
771 2453 799 2468 ..
833 2404 988 2468 torrentis
1016 2403 1084 2468 ritu
1107 2403 1276 2470 ferebatur
1298 2406 1332 2470 in
1357 2405 1483 2486 divites,

362 2513 410 2577 ita
440 2512 493 2577 bio
523 2497 653 2595 quoque
673 2561 679 2576 .
703 2561 710 2575 .
733 2561 739 2575 .
761 2561 767 2576 .
793 2509 982 2576 crudelitati
1012 2512 1227 2595 cupiditatem
1258 2535 1335 2596 opes
1367 2514 1484 2578 nimias

363 2618 560 2702 congerendi
582 2617 742 2682 miscebat

303 2727 340 2814 b)
364 2728 401 2790 ia
424 2727 518 2790 sebas
543 2724 804 2790 demonstrandis
829 2725 1015 2808 etquidem

419 2839 450 2912 o)
475 2854 546 2897 cara
568 2833 714 2913 refertor
737 2833 783 2897 od
802 2855 979 2917 pronomen
1001 2835 1183 2910 relationes,
1208 2839 1245 2896 ut

204 2943 319 3020 XXIX,
348 2948 376 3022 1,
402 2945 437 3004 6:
468 2938 675 3028 exclamabat
699 2938 865 3004 Palladius
893 2940 977 3004 levia
1002 2963 1070 3006 esse
1094 2941 1184 3018 bace,
1209 2938 1391 3022 dequibus
1416 2939 1483 3023 agi-

364 3058 427 3125 tur,
454 3054 486 3110 et
510 3047 766 3129 praetereunda3
791 3048 870 3110 item

204 3157 291 3235 XVI,
321 3163 371 3237 10,
401 3162 456 3235 173
481 3153 551 3228 XX,
578 3158 607 3232 2,
633 3159 661 3218 3.

415 3269 447 3346 β)
461 3265 507 3330 ,ia
530 3263 708 3327 statuendo
731 3262 928 3345 oppositione

203 3373 289 3450 XXI,
318 3377 346 3452 1,
374 3376 430 3435 13:
461 3370 662 3434 vaniIIes...
694 3367 824 3452 plebeia
847 3367 1027 3450 strepit...
1051 3367 1313 3450 mussando...,
1344 3392 1402 3434 cur
1431 3369 1486 3435 ille

364 3501 398 3543 se
416 3481 573 3542 casurum
596 3474 733 3540 inbelle
750 3475 800 3539 vel
817 3475 899 3540 alius
922 3476 980 3540 doc
1003 3496 1037 3540 se
1052 3495 1225 3557 passurum
1241 3475 1404 3559 ignoravit
1427 3483 1487 3542 aut

364 3587 451 3652 illud

416 3697 448 3780 y)
473 3716 544 3759 sara
569 3693 670 3781 ,‚lrlc“
695 3696 820 3776 spectat
843 3690 888 3752 ad
908 3690 1005 3753 verbo
1028 3690 1263 3774 subsequentia,
1288 3695 1325 3754 ut

204 3802 278 3878 XX,
309 3806 346 3880 4,
379 3807 416 3864 4:
443 3823 501 3866 nec
530 3801 640 3884 potuit
669 3798 779 3863 silere:
813 3803 850 3860 ut
880 3796 928 3859 illi
962 3795 1068 3861 nullas
1092 3804 1286 3880 paterentur
1309 3798 1486 3880 molestias,

364 3909 420 3991 qui
434 3959 441 3973 .
456 3963 462 3974 .
477 3958 506 3972 ..
537 3907 597 3972 snb
622 3908 678 3971 laos
702 3915 860 3970 venerant
882 3910 995 3987 paeto,
1020 3926 1060 3968 ne
1087 3903 1284 3970 ducerentur
1307 3903 1350 3968 ad
1373 3911 1486 3987 partes

363 4036 518 4099 umquam
542 4014 808 4097 transalpinos..
823 4064 829 4076 .
845 4034 868 4093 .;

204 4125 272 4201 XX,
293 4129 322 4205 5,
343 4129 398 4188 10:
423 4122 598 4187 rettulerat
619 4123 799 4204 imperator
820 4118 1022 4202 perquietem
1044 4118 1186 4201 aliquem
1208 4118 1374 4186 visum...
1401 4119 1481 4185 llaec

364 4227 567 4313 obiurgando
593 4225 711 4292 dixisse
738 4228 836 4309 „olim
859 4228 989 4292 Iuliane
1013 4231 1097 4292 cet“.

418 4339 448 4426 d)
472 4337 528 4401 abi
552 4335 654 4424 „hie“
678 4337 821 4421 pertinet
844 4336 889 4401 ad
911 4356 963 4400 res
987 4340 1085 4400 calca
1110 4341 1380 4414 colamcororclcs,
1403 4341 1441 4400 ut
