3282 4918
694 211 906 310 20-

162 385 237 454 dass
260 389 329 471 ipse
347 387 494 476 (Curtius
519 389 784 473 ausgenommen)
809 388 892 452 ohne
909 387 1088 453 besoudere
1105 385 1364 468 Hervorhebung
1380 406 1443 448 nur

164 495 222 559 das
239 494 484 582 Hauptsubjekt
507 495 565 560 der
589 495 775 560 indirekten
791 495 879 560 Rode
896 491 1078 574 bez'cichue
1103 501 1159 560 um
1183 494 1235 559 die
1258 493 1443 576 Beziehung

161 601 220 666 aui
241 604 293 670 ein
309 601 554 687 Nebensubjekt
578 625 619 667 zu
641 603 831 668 verhiiten.“
866 603 948 668 Nam
964 600 1300 689 praeterquamquod
1324 601 1358 666 in
1380 601 1441 680 his,

161 730 245 792 quae
268 711 333 774 iam
356 710 533 795 proferam,
559 709 714 795 exemplis
737 731 918 794 pronomen
941 712 1011 793 ipse
1034 732 1162 795 semper
1185 710 1355 794 propriam
1378 707 1442 772 vim

160 815 269 895 habet,
294 816 390 895 infra,
423 817 480 882 ubi
503 815 543 883 de
566 839 706 903 persona
731 819 809 898 eius,
842 817 885 883 ad
908 839 1005 902 quem
1029 819 1102 902 quis
1126 819 1307 883 orationem
1330 814 1441 895 habet,

160 930 287 1006 agetur,
313 923 461 1008 exempla
477 924 665 1006 afferentur,
690 926 723 989 in
749 926 866 1009 quibus
889 927 1082 1010 pronomine
1103 926 1172 1008 ipsc
1195 946 1235 989 ne
1259 923 1441 989 subiectum

161 1029 293 1112 quidem
317 1032 408 1096 verbi
432 1029 562 1097 dicendi
585 1032 796 1116 significatur.
1285 1039 1290 1055 '

249 1137 314 1203 Sed
337 1160 377 1203 ne
401 1159 421 1204 a
443 1139 610 1223 prioribus
634 1138 765 1224 quidem
789 1139 1003 1224 scriptoribus
1024 1140 1216 1224 pronomine
1232 1141 1302 1222 ipse
1318 1138 1441 1223 simpli-

160 1245 241 1310 citer
265 1245 403 1311 dicentis
426 1267 599 1330 personam
626 1246 843 1331 significatam
876 1269 959 1327 esse,
993 1247 1113 1330 probat
1135 1247 1320 1332 Draegerus
1343 1270 1375 1332 p.
1400 1252 1439 1311 81

158 1374 224 1438 sq.,
259 1375 331 1418 oum
361 1355 502 1438 explicet
526 1356 675 1437 primam
706 1356 740 1420 in
766 1377 859 1440 pron.
885 1357 1010 1439 ipsein
1035 1376 1062 1420 o.
1088 1378 1116 1420 o.
1141 1355 1290 1420 adhibito
1315 1375 1442 1438 semper

157 1460 262 1526 inesse
285 1462 454 1545 propriam
477 1463 551 1543 vim,
576 1462 610 1526 id
634 1461 722 1546 quod
746 1463 947 1548 intellegitur
971 1485 1010 1529 ex
1032 1462 1207 1542 Ciceronis,
1233 1461 1334 1539 Caes,
1352 1461 1441 1537 Sall,

158 1567 225 1634 Lis.
251 1569 407 1653 exemplis
431 1591 451 1634 a
467 1569 669 1636 Kuehnastio
685 1593 716 1655 p.
739 1577 799 1636 117
817 1572 964 1655 prolatis,
991 1571 1107 1636 deinde
1123 1570 1185 1634 hoc
1201 1591 1293 1652 pron.
1312 1570 1441 1654 saepius

157 1696 223 1740 non
245 1682 439 1760 usurpatum
464 1697 533 1742 esse
556 1678 673 1743 intuli
697 1701 812 1754 causa,
848 1680 882 1744 in
913 1700 978 1763 qua
1007 1699 1044 1744 eo
1077 1700 1158 1762 opus
1190 1685 1293 1759 esset,
1325 1679 1352 1742 si
1383 1677 1441 1742 ad-

156 1782 326 1848 hiberetur
342 1784 385 1849 ad
401 1786 588 1851 evitandam
603 1808 740 1870 pravam
755 1787 958 1867 relationem,
980 1791 1018 1852 ut
1034 1785 1099 1852 Cio.
1116 1785 1209 1851 Verr.
1227 1790 1257 1864 2,
1283 1791 1334 1865 25,
1359 1784 1441 1848 alias

157 1888 213 1974 (cf.
235 1890 384 1974 Draeger
407 1893 428 1958 l.
451 1892 494 1979 c.)
519 1894 657 1978 deniquo
680 1915 719 1959 ea
746 1895 895 1979 exempla
926 1894 1077 1974 inveniri,
1106 1895 1140 1958 iu
1171 1893 1290 1976 quibus
1321 1913 1441 1976 prono-

157 1996 243 2062 mine
267 2000 336 2081 ipse
358 2020 424 2063 non
446 1999 610 2083 loquentis
634 2001 691 2065 sed
714 2001 798 2066 alius
821 2021 961 2084 persona
984 1998 1195 2084 significetur.

245 2105 432 2190 Usurpatur
456 2113 565 2173 autem
589 2108 632 2174 ab
657 2108 827 2173 Ammiano
851 2110 885 2172 in
908 2106 1123 2192 significanda
1155 2107 1239 2188 eius,
1271 2107 1362 2171 cuius
1389 2105 1441 2170 rel

154 2213 254 2278 verba
277 2213 327 2279 vel
351 2215 495 2298 cogitata
518 2215 716 2294 referuntur,
741 2237 883 2299 persona
905 2237 1084 2299 pronomen
1108 2216 1177 2297 ipse

257 2325 292 2409 a)
316 2328 354 2387 at
375 2323 455 2388 boec
472 2329 648 2405 prematur
672 2329 703 2388 ct
726 2347 747 2389 o
771 2326 884 2391 ceteris
899 2327 1047 2390 seiaacio
1070 2328 1206 2401 notetur,
1231 2322 1326 2386 uuila
1343 2342 1438 2406 oppo-

316 2432 382 2494 sita
406 2430 477 2493 clio
497 2451 658 2514 persona·
681 2437 714 2496 et
736 2430 771 2495 id
794 2431 925 2514 quidem
949 2432 987 2497 fit
1009 2452 1103 2496 raro:

155 2533 223 2612 XX,
249 2541 280 2615 4,
306 2540 341 2599 8:
368 2536 556 2601 adiectum.
575 2588 582 2601 .
601 2543 685 2618 est,
710 2537 808 2622 quod,
834 2539 861 2603 si
879 2560 1074 2624 procursare
1098 2537 1345 2617 dissimulasset,
1369 2539 1439 2619 ipsc

315 2643 450 2725 propria
473 2649 589 2728 sponte
614 2646 778 2728 proiceret
800 2645 940 2730 insignia
962 2646 1167 2730 principatus

155 2749 312 2830 XXVIII,
354 2756 388 2830 6,
421 2756 478 2814 28:
521 2757 610 2817 torto
643 2752 784 2818 Caecilio
804 2761 1006 2837 ....aperta
1038 2752 1239 2819 confessione
1275 2752 1436 2836 cognovit,

314 2859 421 2939 ipsam
451 2857 657 2948 (Caecilium)
689 2862 829 2927 suasisse
862 2863 1003 2941 ciuibus,
1038 2866 1214 2947 gravarent
1249 2858 1436 2925 mentiendo

314 2966 440 3050 legatos

154 3072 269 3149 XXIX,
292 3078 319 3152 1,
338 3079 356 3137 7
364 3095 371 3137 :
396 3075 503 3156 aperit
521 3081 657 3153 textum,
675 3075 826 3141 absolute
844 3077 1009 3141 confessus
1024 3127 1030 3140 .
1046 3127 1052 3139 .
1067 3097 1092 3141 .:
1118 3080 1288 3158 motasque
1305 3075 1438 3140 secretis

314 3182 441 3247 artibus
461 3189 565 3247 sortes
582 3189 615 3247 et
630 3184 905 3267 nuncupationem
915 3185 1084 3266 principis
1097 3186 1210 3266 optimi
1223 3186 1349 3267 stipsis
1362 3205 1438 3249 con-

313 3288 491 3354 sultoribus
514 3289 681 3355 luctuosos
705 3291 812 3356 exitus
835 3291 1047 3373 praedixisse.

153 3393 279 3472 XXXI,
318 3401 357 3475 5,
396 3403 437 3461 7:
481 3397 676 3462 exclamavit
709 3398 858 3482 graviore
892 3398 1104 3483 pugnandum
1138 3399 1260 3478 exitio,
1300 3401 1332 3463 ni
1367 3401 1437 3481 epse

312 3503 545 3591 (Fritigernus)
563 3503 606 3569 ad
622 3505 808 3570 leniendum
824 3505 941 3590 vulgus
957 3507 1119 3570 sineretur
1136 3507 1224 3572 exire
1244 3529 1316 3572 cum
1340 3510 1438 3572 sociis

153 3608 268 3687 XXXI,
299 3615 347 3690 12,
376 3617 430 3676 14:
455 3634 555 3676 unum
581 3635 597 3678 e
620 3612 715 3696 plebe
819 3613 909 3678 misit
933 3665 991 3678 ...
1015 3613 1173 3696 impetens
1197 3613 1322 3680 nobiles
1339 3637 1435 3697 quos-

313 3717 387 3783 dam
413 3725 446 3784 et
470 3719 591 3786 electos
615 3721 658 3784 ad
682 3742 715 3785 se
739 3720 928 3803 propediem
961 3719 1090 3786 obsides
1119 3722 1223 3802 mitti,
1254 3723 1436 3804 impavidus

313 3828 382 3908 ipsc
405 3828 510 3893 minas
533 3829 691 3895 militares
716 3828 843 3892 laturus

253 3933 288 4021 b)
314 3935 359 3998 ud
375 3935 584 4000 cubibcadom
601 3938 831 4022 oppositionem
845 3937 986 4001 duorum
995 3958 1209 4020 personarum
1221 3939 1270 4002 ool
1284 3939 1436 4002 binorum

309 4044 457 4126 portium
480 4046 537 4124 ito,
561 4051 598 4109 ai
621 4064 748 4111 accerse
771 4047 823 4124 sit,
847 4046 916 4126 ipsc
937 4066 1113 4129 pronomen
1134 4051 1297 4130 poncia-m
1321 4051 1436 4112 extant

313 4148 376 4214 duo
400 4150 483 4216 loci:

150 4254 219 4333 XV,
256 4259 289 4335 5,
328 4261 363 4319 6:
407 4257 543 4341 petebat
661 4266 698 4326 ut
727 4261 796 4342 absc
911 4261 1220 4331 Mallobaude
1253 4263 1434 4346 spondente

312 4364 399 4446 quod
422 4366 582 4432 remeabit
685 4369 855 4436 iuberetur
878 4372 926 4436 ire
950 4419 1020 4436 ....
1037 4390 1045 4438 ς
1070 4370 1120 4435 vel
1144 4375 1259 4436 contra
1283 4393 1316 4438 se
1340 4373 1434 4456 paria
