3282 4918
719 181 929 280 „Er-w

186 357 285 437 XXX,
312 363 341 433 8,
368 363 404 422 6:
432 357 585 422 Isocratis
609 363 765 422 rrreruuret
786 357 1062 440 pulchritudo...
1088 359 1212 444 ignosci
1227 359 1346 424 debere
1363 361 1468 426 inter-

344 463 421 529 dum
433 466 532 529 armis
545 471 698 546 superato
711 465 842 546 rectori,
868 465 962 547 quasi
974 466 1096 531 iustum
1112 466 1191 551 quid
1203 469 1247 532 sit
1257 470 1281 554 ¹)
1299 469 1468 551 ignoranti

451 571 487 658 b)
513 593 530 635 1
553 571 719 654 praesenti
743 594 773 654 q.
799 593 826 636 v.
851 571 1024 637 historico:

183 677 270 758 XXI,
291 683 340 759 16,
362 683 398 742 14
413 699 419 741 :
444 677 650 744 Heraclitus.
667 730 694 744 ..
719 684 829 744 monet
843 735 848 747 .
864 730 892 743 ..
917 679 999 743 illud
1014 701 1091 744 vero
1113 679 1254 745 eminere
1268 682 1353 745 inter
1369 703 1467 765 prae-

343 785 456 868 cipuas
490 783 621 864 laudeS,
662 807 734 850 cum
769 792 977 869 potestas...
1013 787 1047 850 in
1086 808 1160 852 arce
1191 789 1326 854 victoris
1364 789 1468 854 animi

342 898 513 976 tropaeum
542 895 683 958 ereeertt

107 1005 109 1010 '
182 1001 299 1081 XXXI,
329 1006 378 1079 10,
409 1005 446 1064 3:
481 1001 628 1065 docet...
654 996 912 1068 Gratianum...
937 1022 1013 1065 mox
1037 1002 1129 1086 signa
1153 1008 1329 1083 moturum,
1359 1009 1464 1073 ut...

346 1109 550 1193 repelluntur
572 1107 745 1191 plagarum
768 1106 988 1172 terminalium
1011 1108 1158 1174 adcolae.

271 1216 450 1280 Enuntiata
475 1237 491 1278 e
515 1215 681 1298 praesenti
704 1219 851 1296 tempore
875 1212 1051 1296 pendentia
1075 1215 1192 1280 deinde
1215 1216 1340 1282 habeut

273 1324 307 1387 B.
326 1344 448 1388 mercer
464 1323 723 1404 praeteritorum
747 1328 923 1407 temporum
939 1325 1211 1417 consecutionem,
1229 1329 1262 1388 et
1278 1345 1317 1389 ea
1333 1346 1466 1409 quoque

181 1435 263 1514 apta·
284 1436 361 1496 sunt

449 1541 481 1626 a)
507 1562 523 1605 e
548 1544 687 1623 tempere
710 1561 783 1604 uere
805 1540 989 1624 praesenti:

182 1647 298 1726 XXXI,
328 1652 377 1725 13,
406 1651 459 1710 14:
493 1646 550 1711 alii
574 1647 687 1713 dicunt
710 1644 944 1715 Valentem...
969 1646 1010 1710 ab
1034 1644 1198 1725 hostibus,
1231 1648 1286 1730 qui
1312 1653 1393 1714 esset
1415 1649 1466 1733 ig-

343 1754 546 1833 norantibus,
572 1753 732 1820 dedecore
758 1753 957 1836 captivitatis
981 1759 1166 1837 exemptum

450 1861 486 1950 b)
512 1861 717 1945 eproeseatr'
739 1859 945 1946 historice:²)
1024 1923 1029 1932 ,

182 1973 250 2052 XV,
285 1977 313 2052 5,
349 1976 406 2035 20:
442 1970 618 2034 ducem...
641 1969 789 2053 probibet
811 1969 1009 2051 imperator,
1040 1990 1104 2032 non
1128 1967 1161 2032 id
1186 1989 1254 2034 esse
1277 1991 1465 2036 memorans

341 2083 468 2161 tempus
493 2082 530 2140 ut
554 2077 698 2141 defensio
723 2097 839 2142 causae
863 2065 1096 2160 susciperetur,
1114 2098 1187 2141 cum
1210 2077 1349 2142 vicissim
1367 2079 1465 2142 resti-

339 2185 387 2249 tui
411 2185 445 2248 in
468 2185 641 2267 pristinam
666 2183 872 2247 concordiam
896 2187 1008 2266 partes
1031 2183 1207 2249 necessitas
1230 2185 1393 2267 subigeret
1408 2207 1465 2249 ur-

344 2293 488 2376 gentium
513 2312 621 2355 rerum
645 2296 821 2373 autequam
847 2294 1004 2356 cresceret
1025 2289 1209 2356 mollienda.
1236 2327 1277 2338 -
1301 2293 1399 2355 Item·

183 2400 304 2480 XVIII,
331 2406 360 2481 7,
389 2405 426 2464 10
452 2399 616 2488 (1111111111Ι
638 2405 797 2483 pergeret,
824 2397 1027 2484 peterentur)

182 2508 268 2584 XXI,
297 2514 346 2588 11,
376 2514 406 2572 1;
433 2508 633 2588 (intimatum
659 2506 894 2586 adulescerent,
919 2504 1119 2592 hebetasset)

180 2617 296 2695 XXXI,
325 2621 375 2696 13,
402 2621 438 2680 8;
465 2615 658 2701 (1111111111
683 2614 873 2700 tegeretur).

269 2723 379 2788 Dubia
403 2723 550 2806 exempla
574 2729 651 2788 sunt
672 2731 807 2806 propter
830 2743 942 2805 parem
966 2721 1147 2806 praesentis
1170 2721 1372 2805 perfectique
1396 2720 1465 2786 for-

181 2853 265 2896 mam
288 2831 375 2910 XIV,
405 2837 452 2908 II,
483 2835 537 2906 153
562 2830 680 2908 XXIX,
708 2835 736 2906 5,
765 2834 813 2894 19.

272 2937 395 3015 Quibus
417 2938 498 3002 Iocis
521 2937 620 3002 liceat
643 2936 820 3019 separatim
845 2935 1041 3020 adiungere:
1140 2999 1149 3018 ,

180 3046 267 3126 XXI,
303 3053 330 3125 1,
363 3051 419 3112 13:
454 3045 592 3109 vanities
616 3043 812 3126 aliquotiens
841 3043 971 3125 plebeia
1001 3045 1176 3128 strepit...
1210 3045 1403 3126 mussando,
1437 3047 1465 3110 si

341 3158 421 3219 esset
443 3151 684 3234 praesentiendi
708 3151 826 3214 notitia
850 3151 1020 3233 quaedam,
1052 3172 1110 3215 cur
1134 3150 1208 3215 ille.
1225 3201 1253 3216 ..
1284 3153 1462 3234 ignoravit;

179 3262 242 3326 hoc
264 3266 384 3340 „esset‘
407 3259 565 3342 scriptum
590 3263 640 3322 est
661 3262 797 3340 propter
829 3279 958 3322 sensum
988 3256 1155 3336 irrealem;
1195 3279 1270 3324 nam
1304 3260 1337 3323 in
1372 3267 1465 3326 recta

182 3389 311 3453 quoque
336 3369 482 3432 oratione
507 3367 570 3431 hac
594 3364 708 3430 eadem
731 3363 837 3429 forma
859 3369 962 3428 totam
981 3364 1176 3428 sententiam
1192 3364 1234 3448 (si
1250 3372 1335 3430 esset
1357 3405 1399 3413 -
1414 3368 1464 3450 ig-

180 3476 332 3558 noravit),
359 3481 396 3540 ut
420 3474 523 3558 magis
546 3479 710 3557 premeret
727 3493 855 3536 sensum
871 3470 1022 3535 irrealem
1039 3471 1221 3554 imperfecti
1246 3473 1463 3552 coniunctim,

179 3583 327 3666 proferre
352 3582 492 3665 scriptor
516 3581 634 3664 potuit.

179 3689 328 3768 XXVIII,
355 3694 384 3766 4,
412 3695 470 3755 15:
504 3688 710 3778 degunt...)
735 3706 811 3752 cum
834 3686 1000 3751 multa...
1025 3685 1372 3768 lectitaredeberent,
1406 3713 1465 3755 au-

340 3795 465 3863 dientes
482 3848 488 3862 .
503 3848 510 3862 .
527 3848 532 3861 .
552 3797 784 3864 Socratem...
802 3815 933 3878 rogasse
950 3794 1113 3877 quendam
1129 3795 1209 3860 scite
1226 3795 1319 3882 lyrici
1332 3819 1464 3863 carmen
1494 3868 1499 3882 ,

341 3905 519 3972 Stesichori
536 3905 766 3981 modulantem,
784 3909 822 3968 ut
839 3905 1006 3968 doceretur
1021 3900 1055 3965 id
1072 3923 1177 3986 agere,
1196 3903 1273 3972 dum
1289 3904 1463 3971 liceret...

341 4013 548 4097 respondisse
563 4064 569 4076 .
583 4064 590 4078 .
605 4064 612 4078 .

217 4177 238 4246 1)
258 4179 312 4228 Eae
325 4195 391 4244 quae
406 4179 519 4227 orationi
533 4177 658 4242 obliquae
671 4179 784 4229 insertae
806 4185 866 4228 sunt
882 4179 1007 4241 interrog.
1027 4179 1170 4227 Indirectae
1190 4179 1223 4226 ab
1243 4177 1292 4226 hac
1312 4180 1465 4243 quaestione

256 4269 450 4318 consecutionis
469 4275 616 4332 temporum
634 4283 689 4316 non
709 4268 886 4331 seiungendae
906 4266 1069 4316 videbantur.

215 4359 237 4430 2)
257 4361 359 4426 Driiger
379 4360 396 4412 I.
417 4377 438 4411 c.
459 4360 471 4407 Ι
490 4375 551 4424 pag.
572 4371 620 4421 232
640 4374 696 4423 sqq.
