3282 4918
806 162 847 226 47

345 336 561 420 optimatibus
584 315 739 402 missum.
754 388 761 402 .
775 388 803 402 ..
827 337 871 402 ad
895 359 951 404 eos
974 341 1087 404 redire
1110 359 1194 422 quae
1218 337 1379 407 didicerat
1394 357 1469 422 per-

346 445 501 511 laturum.

274 551 372 618 Hunc
403 552 539 618 eundem
572 552 681 618 locum
704 551 902 617 Ehrismann
934 551 1067 618 exhibet
1095 551 1115 616 l.
1148 574 1174 619 c.
1205 572 1236 634 p.
1262 555 1313 616 67.
1362 549 1470 615 Ceteri

185 664 297 726 autem
313 658 389 740 loci,
414 679 496 742 quos
515 664 693 739 enumerat,
715 681 782 724 non
796 660 920 742 pariter
936 681 970 725 se
987 658 1111 723 habent
1126 664 1226 743 atque
1242 658 1305 736 hic,
1330 656 1364 721 id
1381 655 1470 742 quod

183 768 441 852 intellegendum
472 789 540 834 esse
573 770 677 853 possis
711 768 903 835 concludere
934 775 967 832 et
998 789 1037 832 ex
1066 767 1174 832 verbis
1206 766 1354 850 exempla
1378 772 1470 831 ante-

185 873 378 941 cedentibus
403 875 505 959 („non
528 897 604 940 raro
627 877 661 941 iu
685 877 798 942 eodem
822 875 996 941 verborum
1020 874 1144 939 ambitu
1167 875 1307 959 primum
1338 895 1471 938 accusa-

186 983 288 1048 tivum
319 1004 345 1048 c.
378 981 452 1060 int,
488 981 604 1048 deinde
635 983 831 1067 particulam
856 981 944 1067 quod
967 981 1018 1046 vel
1041 983 1167 1046 inverso
1192 981 1305 1046 ordine
1329 981 1471 1064 primum

188 1089 384 1173 particulam
408 1089 506 1172 quod,
532 1087 648 1154 deinde
665 1091 887 1156 accusativum
904 1113 929 1156 c.
948 1089 1015 1168 inf,
1040 1096 1078 1154 ut
1094 1088 1347 1165 similitudinem,
1373 1089 1471 1154 satie-

190 1198 266 1262 tatis
288 1202 442 1274 matrem,
471 1197 599 1276 vitaret,
624 1197 829 1280 usurpavit“)
854 1203 887 1262 et
911 1219 950 1262 ex
973 1197 1078 1280 primo
1102 1196 1158 1262 illo
1184 1197 1341 1279 exemplo.
1390 1195 1471 1260 Cum

191 1305 272 1368 enim
296 1302 331 1367 in
354 1303 417 1368 hoc
441 1303 525 1368 duae
549 1309 735 1370 structurae
760 1304 825 1370 sint
849 1303 1069 1382 coordinatae,
1096 1326 1179 1388 quae
1197 1304 1361 1385 dicuntur,
1386 1309 1471 1369 cete-

188 1433 299 1476 rorum
314 1411 349 1475 in
364 1416 458 1496 parte
476 1412 675 1477 constructio
693 1411 800 1476 altera
820 1434 860 1477 ex
883 1412 987 1477 altero
1012 1412 1111 1478 verbo
1129 1411 1258 1478 dicendi
1281 1411 1410 1497 pendet,
1436 1417 1473 1476 ut

188 1518 380 1601 ἐπανάληψις
403 1540 487 1603 quae
511 1525 646 1584 vocatur
669 1520 738 1584 eius
763 1520 818 1602 qui
841 1518 922 1597 dicit
936 1541 1095 1603 personae
1110 1517 1180 1600 fiat,
1202 1519 1294 1584 velut
1310 1524 1361 1584 30.
1380 1523 1408 1596 6,
1435 1522 1471 1600 2;

191 1631 243 1690 30.
269 1631 380 1708 1,17;
407 1630 460 1690 29.
487 1630 516 1706 2,
543 1630 578 1706 9;
605 1631 655 1693 25.
680 1631 710 1707 3,
739 1633 796 1707 15;
823 1631 875 1707 22,
902 1631 930 1704 2,
960 1633 991 1706 1;
1021 1632 1070 1692 14.
1097 1637 1148 1707 11,
1175 1631 1226 1705 22,
1243 1627 1277 1690 in
1293 1632 1388 1708 parte
1404 1646 1472 1690 acc.

195 1753 221 1797 c.
243 1730 359 1798 inlex
382 1733 552 1798 enuntiato
576 1733 697 1818 pendet
720 1757 740 1800 a
762 1733 926 1817 particula
950 1733 1039 1817 quod
1061 1733 1236 1818 incipiente
1260 1733 1294 1797 id
1318 1731 1406 1817 quod
1424 1737 1473 1798 est

196 1843 246 1904 25.
269 1845 297 1918 4,
322 1845 352 1918 2,
376 1840 428 1906 vel
452 1841 520 1906 vice
536 1862 629 1906 versa
646 1841 778 1926 ,quod“
803 1847 915 1925 aptum
932 1847 982 1905 est
998 1863 1038 1906 ex
1054 1842 1230 1906 accusativi
1247 1863 1272 1906 c.
1290 1841 1346 1905 inf.
1364 1845 1470 1905 struc-

193 1951 273 2025 tura,
298 1953 336 2012 ut
360 1951 412 2013 28.
438 1953 552 2028 6,·1e;
579 1953 629 2014 24.
656 1954 688 2027 6,
714 1954 750 2028 5;
776 1953 828 2015 24.
857 1953 884 2028 1,
912 1954 967 2028 16;
995 1953 1046 2012 15.
1074 1954 1102 2026 5,
1129 1955 1157 2015 7.

277 2053 384 2120 Simili
407 2055 535 2120 ratione
567 2055 728 2140 duplicem
760 2060 961 2123 structuram
994 2079 1010 2122 5
1040 2057 1139 2123 verbo
1169 2055 1330 2122 sentiendi
1361 2062 1473 2139 aptam

185 2159 268 2227 facit
282 2161 496 2246 Augustinus,
522 2163 580 2231 civ,
604 2164 656 2229 dei
680 2162 722 2242 ΙΙ,
750 2168 807 2228 29;
833 2162 998 2253 (angelus)
1016 2165 1252 2231 sermocinatus
1268 2175 1318 2229 est
1334 2163 1472 2228 feminae

187 2320 238 2338 ...
254 2320 261 2334 .
285 2290 352 2334 non
375 2270 564 2335 existimans
587 2271 692 2336 virum
714 2270 811 2337 facile
828 2272 997 2338 credulum
1013 2294 1072 2338 nec
1088 2271 1228 2338 errando
1244 2293 1339 2357 posse
1355 2271 1471 2356 decipi,

185 2376 244 2443 sed
269 2377 346 2442 dum
369 2377 477 2444 alieno
501 2378 589 2443 cedit
611 2380 716 2446 errori
740 2379 797 2468 (=
823 2379 880 2444 sed
904 2379 1010 2446 alieno
1036 2403 1202 2447 cessurum
1226 2381 1354 2466 errori).

279 2593 366 2660 Satis
388 2593 469 2658 mihi
491 2593 557 2660 iam
580 2593 694 2659 videor
718 2592 956 2660 demonstrasse
974 2597 1179 2660 Ammianum
1204 2595 1406 2660 consuevisse
1422 2595 1472 2658 in-

187 2697 248 2766 dic.
272 2700 403 2765 modum
427 2700 609 2786 particulae
633 2702 719 2783 quod
740 2701 936 2784 adiungere,
969 2710 1008 2767 ut
1035 2725 1087 2768 res
1115 2708 1174 2768 aut
1197 2727 1265 2768 esse
1288 2715 1391 2768 certas
1415 2707 1473 2766 aut

188 2811 235 2872 sic
256 2802 495 2874 existimandae
518 2831 587 2873 esse
610 2808 843 2890 scogitatione
867 2807 1031 2893 loquentis
1055 2809 1263 2894 significaret.
1299 2809 1338 2871 In
1363 2809 1470 2873 dubiis

186 2922 297 2980 autem
321 2922 354 2981 et
377 2913 462 2980 fictis
486 2916 584 2980 rebus
609 2915 801 2981 enarrandis
824 2915 914 2979 illam
937 2918 1133 3000 particulam
1159 2917 1306 3000 sequitur

286 3021 323 3110 b)
349 3023 582 3094 coniunctlvua
605 3022 729 3088 modus.
766 3022 872 3088 Multa
895 3022 992 3090 huius
1016 3025 1143 3109 generis
1167 3023 1316 3106 exempla
1338 3021 1471 3086 Kallen-

187 3127 306 3212 bergus
330 3129 463 3195 exhibet
486 3152 559 3214 pag.
586 3136 643 3212 15,
675 3133 732 3215 qui
762 3133 849 3197 idem
879 3132 945 3196 iam
976 3134 1144 3217 perspexit
1167 3131 1362 3215 particulam
1386 3131 1472 3213 quod

186 3256 347 3319 nusquam
371 3237 574 3304 coniunctivo
600 3239 734 3322 adiungi
756 3260 864 3323 posse,
896 3240 958 3304 nisi
987 3248 1115 3323 tempus
1138 3239 1354 3322 praeteritum
1378 3243 1469 3302 ante-

187 3341 292 3420 cedat,
316 3343 350 3407 id
374 3343 462 3426 quod
485 3344 527 3409 ab
545 3346 762 3412 Ehrismanno
787 3367 916 3430 quoque
940 3347 960 3412 l.
986 3371 1011 3416 c.
1036 3369 1110 3430 pag.
1129 3353 1169 3410 67
1188 3346 1385 3412 conceditur.
1422 3345 1470 3409 Ex

184 3449 249 3514 illis
273 3450 428 3533 exemplis
453 3473 536 3534 quae
560 3473 589 3517 o.
614 3452 767 3537 obliquae
791 3459 867 3518 sunt
889 3475 909 3518 a
933 3476 984 3520 me
1001 3456 1265 3539 circumscriptae
1283 3455 1322 3518 iis
1338 3453 1467 3532 addam,

185 3556 325 3639 quaein
349 3557 410 3623 hac
433 3559 503 3642 ipse
526 3560 740 3644 reperiebam.
787 3560 876 3626 Haec
908 3584 1038 3647 quoque
1068 3563 1175 3626 omnia
1207 3560 1306 3625 dividi
1333 3568 1471 3644 possunt

184 3665 219 3728 in
242 3670 262 3727 4
286 3685 423 3749 genera;
448 3665 568 3749 legitur
592 3669 677 3732 enim
700 3675 776 3751 post
797 3671 921 3751 „qaod‘
944 3670 1141 3753 particulam
1165 3669 1388 3734 coniunctivus

274 3777 303 3836 1.
329 3793 400 3836 5555
424 3794 463 3837 55
488 3777 680 3853 enuntiatio,
704 3797 788 3858 qaue
812 3777 931 3860 iuctptt
948 3779 988 3841 ob
1003 3777 1064 3841 buc
1085 3777 1265 3860 porticula,
1290 3779 1398 3842 curtem
1425 3782 1471 3842 cst

186 3881 334 3962 speciosis
355 3884 535 3946 sententiae
560 3882 830 3967 condiciouolia¹)
856 3883 944 3948 velut

185 3984 270 4065 XIV,
297 3993 349 4064 11,
374 3993 409 4050 7;
433 4010 462 4052 v.
486 4009 560 4072 pag.
586 3994 638 4055 45.

184 4091 253 4170 XX,
280 4098 308 4169 4,
333 4102 366 4160 8:
393 4094 557 4160 adiectum
581 4098 744 4181 estquod,
768 4097 796 4161 si
819 4117 1014 4180 procursare
1038 4096 1283 4176 dissimulasset,
1308 4099 1375 4182 ipse
1392 4119 1467 4182 pro-

343 4202 418 4286 pria
441 4209 556 4286 sponte
578 4206 741 4288 proiceret
763 4204 903 4288 insignia
926 4205 1131 4288 principatus

220 4362 242 4431 ¹)
262 4365 303 4413 De
316 4368 437 4414 universo
449 4374 558 4416 sentent.
570 4371 792 4419 condicionalium
807 4387 854 4419 usu
868 4372 1021 4420 Ammianeo
1036 4389 1059 4421 v.
1071 4372 1215 4420 Dedericbs
1229 4373 1245 4420 1.
1261 4388 1282 4420 c.
1297 4387 1357 4436 pag.
1373 4383 1423 4438 5—
1432 4385 1466 4425 21.
