963 1344
207 142 246 155 πῇ
288 144 447 163 QQQQ
462 145 621 156 fflfflfflffl
662 142 795 182 Qffiaffiffi

363 167 376 181 a
435 167 449 180 oe
506 167 520 180 4
580 166 592 180 t
624 182 629 185 ¹
750 166 782 183 213¹}

664 187 670 193 ‘
716 183 782 217 ³³&ss

152 228 795 249 afflfflfffflfflffimffla

213 337 225 354 κ’

230 375 293 390 mnium
310 375 338 395 qui
354 375 465 395 posteriorum
479 375 599 395 imperatorum
610 376 725 391 Romanorum
739 377 796 390 aetate

150 396 221 418 fueruff
229 401 345 417 historicorum
357 401 408 421 longe
419 403 580 422 praestantissimum
591 407 627 418 esse
635 402 743 418 Ammianum
752 402 795 417 Mar-

151 428 230 444 cellinum
245 428 331 443 hominum
348 428 439 443 litterarum
451 428 549 444 Latinarum
564 430 655 449 peritorum
669 434 718 444 nemo
730 431 756 444 est
768 429 796 448 qui

151 457 208 476 neget,
222 455 292 475 primum
305 455 350 475 quod
362 455 410 471 huius
421 455 507 476 scriptoris
519 460 583 472 summa
597 456 638 472 fides
650 461 669 471 ac
682 456 743 471 veritas
756 455 796 471 iudi-

151 483 206 502 ciique
219 483 305 502 integritas
318 482 334 497 in
347 482 380 497 eius
393 483 421 502 qui
433 485 521 503 supersunt
533 482 579 498 libris
591 483 667 501 cernitur,
680 482 741 498 deinde
750 482 795 502 quod

151 509 232 524 laudabili
249 508 276 524 ille
292 509 384 524 ducebatur
399 509 455 524 studio
471 514 496 525 res
511 510 599 525 enarrandi
614 510 635 525 ad
652 509 738 529 exemplar
754 510 796 529 opti-

151 540 217 553 morum
229 536 287 556 prioris
299 536 379 556 temporis
391 541 444 551 rerum
456 537 560 556 scriptorum,
579 536 658 556 imprimis
668 536 722 552 Taciti
730 545 752 547 —
760 536 795 551 eius

151 565 169 578 ut
181 562 247 578 dicendi
259 567 312 583 genus
324 563 415 578 imitaretur
426 564 459 578 iam
471 568 491 579 ea
504 568 521 579 re
534 564 601 579 videtur
613 568 649 579 esse
661 563 741 578 adductus
750 563 795 583 quod

151 590 185 605 eius
202 589 280 605 historias
295 590 392 605 continuare
408 590 439 605 sibi
456 593 566 610 proposuerat
582 599 604 602 ——
616 590 680 605 etiamsi
697 589 726 605 tali
743 589 796 605 labori

153 617 197 632 vires
209 617 327 636 ingeniumque
340 617 374 632 eius
386 617 432 637 paria
444 622 478 632 non
490 619 538 633 erant
552 617 577 638 (cf.
591 617 612 633 H.
625 616 705 635 Michael.
722 617 749 632 die
761 621 796 632 ver·

152 643 221 659 lorenen
233 643 298 659 Biicher
310 643 339 659 des
352 643 407 659 Amm.
420 644 531 662 Marcellinus,
546 644 614 659 Breslau
629 644 675 662 1880,
688 643 749 664 praefi).
762 643 795 659 Ac>

153 670 197 685 cedit
209 670 255 690 quod
271 670 387 686 nonnullarum
403 676 457 686 rerum
473 674 557 691 gestarum
573 676 613 687 unus
629 673 687 686 auctor
704 673 738 689 est,
755 670 796 686 alias

153 697 244 713 accuratius
257 699 274 713 et
286 697 369 717 copiosius
381 698 465 713 enarravit
478 703 528 718 quam
540 698 591 714 ceteri
604 702 674 718 quorum
686 697 722 713 libri
734 700 795 713 extant

152 724 246 744 scriptores,
259 729 296 747 curn
308 724 335 740 vel
348 724 383 744 ipse
395 724 443 740 rebus
456 724 544 740 interesset
556 725 583 740 vel
595 730 617 740 ex
629 724 704 744 pluribus
717 726 734 740 et
742 724 795 739 uberi-

153 751 209 766 oribus
220 751 294 766 sontibus
306 756 360 766 rerum
372 751 445 767 hauriret
460 752 579 772 cognitionem.
604 751 651 772 Quae
666 756 703 767 cum
718 751 741 767 ita
757 752 795 769 sint,

153 777 203 793 valde
215 777 290 793 dolemus
303 778 366 798 priores
378 778 416 793 XIII
429 778 480 794 libros
492 778 576 799 deperisse
593 778 643 799 idque
659 779 740 796 maxime¹
757 778 795 798 quia

154 805 188 820 veri
200 804 300 820 simillimum
311 804 373 820 sactum
385 807 410 820 est
422 805 450 820 illa
463 805 541 821 Miehaeli
556 805 673 821 dissertatione
687 810 720 820 non
736 805 795 820 cursim

154 833 238 847 enarratas
250 831 299 847 fuisse
311 831 391 847 tredecim
403 831 434 847 illis
446 831 492 847 libris
504 837 529 847 res
543 832 565 847 ab
581 837 651 848 excessu
663 832 754 847 Domitiani
770 837 795 847 us-

154 863 186 878 que
198 858 220 874 ad
232 863 247 873 a*
261 861 292 878 353
305 861 361 878 gestas
374 858 408 879 (qui
424 858 467 874 hane
482 860 584 874 sententiam
598 858 650 874 secuti
665 860 704 874 sunt
720 858 795 874 homines

154 885 199 901 docti
211 890 221 900 a
233 885 317 901 Michaelo
330 886 421 901 enumerati
433 888 471 901 sunt
483 887 499 901 in
512 887 574 906 primae
587 886 658 906 paginae
673 885 795 905 annotatione),

153 912 183 928 sed
195 912 253 927 horum
265 915 360 932 temporum
368 912 453 928 historiam
463 913 524 933 pariter
533 912 567 928 fuse
576 915 593 928 et
605 912 672 932 copiose
685 912 796 932 conscriptam

154 939 202 954 fuisse
213 941 265 959 atque
278 944 306 954 eos
318 939 346 959 qui
359 939 417 960 reliqui
429 941 467 955 sunt
480 939 535 955 libros.
555 939 596 955 Cum
609 939 657 959 igitur
666 939 682 954 hi
691 944 752 959 magno
761 944 795 954 ino-

154 968 210 981 mento
222 966 255 981 sint
270 966 292 981 ad
307 971 333 981 res
348 968 404 986 gestas
420 966 485 981 iliorum
502 968 596 986 temporum
611 966 745 986 cognoscendas7
761 971 794 981 non

153 992 230 1008 miramur
247 993 263 1008 in
285 992 343 1008 studiis
359 993 471 1011 Ammianeis,
490 995 580 1013 postquam
597 993 699 1013 aliquamdiu
717 993 794 1013 neglecta

153 1019 225 1037 iacuere.
240 1020 320 1035 maiorem
336 1025 392 1035 curam
408 1025 462 1035 rursus
477 1020 508 1036 hac
525 1022 581 1036 aetate
595 1020 617 1035 ab
632 1020 726 1036 hominibus
741 1020 795 1035 doctis

154 1046 233 1062 adhiberi.

197 1073 288 1094 Postquam
297 1073 341 1089 enim
347 1073 429 1094 prioribus
435 1073 536 1090 editionibus
542 1074 605 1093 Sabini,
612 1074 681 1090 Castelli
688 1074 793 1094 (Mommsen,

153 1100 209 1115 Herm.
222 1100 245 1116 VI
258 1105 297 1120 pag.
310 1101 359 1121 236),
376 1101 440 1116 Erasini
457 1106 515 1122 parum
531 1101 601 1117 allatum
617 1103 642 1117 est
658 1101 680 1117 ad
691 1101 794 1117 restituenda

153 1127 237 1143 Ammiani
252 1127 311 1146 verba!
328 1127 392 1144 duabus
407 1128 508 1144 editionibus
523 1134 537 1144 a.
555 1132 596 1149 1533
613 1133 623 1144 a
638 1128 709 1144 Gelenio
725 1133 746 1143 ex
762 1127 795 1143 fide

153 1154 213 1169 codicis
222 1154 344 1170 Hersfcldensis
356 1158 373 1171 et
385 1155 407 1171 ab
419 1155 499 1171 Accursio
511 1155 601 1171 secundum
614 1156 650 1171 cod.
664 1155 741 1171 Vaticani
754 1160 794 1176 apo-

697 1181 714 1194 μ
