3282 4918
698 143 947 240 ‘Ll—

200 320 364 404 enempliS,
391 343 500 385 errare
524 320 661 384 videtur.
710 320 843 384 Omissis
868 322 951 385 enim
975 319 1050 398 illis,
1084 341 1167 402 quae
1191 341 1219 382 0.
1246 340 1275 383 0.
1299 341 1393 384 ame
1418 319 1479 382 cir-

199 429 415 511 cumscriptae
444 449 509 492 non
532 434 624 506 sunt,
656 427 736 492 locis
762 427 862 516 (XIV.
888 433 917 508 3,
946 433 982 506 13
1007 426 1094 490 XIX.
1122 432 1171 506 11,
1205 432 1240 502 6;
1265 426 1362 491 XXV.
1390 431 1420 504 9,
1446 425 1500 510 5)Ι

199 538 258 602 hos
282 542 442 621 repetam:
1077 619 1079 626 .

198 643 303 724 XVII,
324 650 352 724 1,
369 649 404 707 4:
430 642 567 725 navigiis
582 642 738 725 imposuit
753 641 882 717 milites,
909 661 947 705 ea
963 663 1008 718 re,
1033 648 1133 706 ut...
1160 640 1320 724 quidquid
1336 640 1479 704 invenire

357 753 536 833 potueriat,
562 750 648 813 ferro
674 747 835 813 violarent
858 754 890 812 et
913 746 1052 812 flammis

196 859 302 939 XVII,
336 864 363 938 1,
397 863 434 922 8:
467 857 648 924 doctus...
673 857 777 921 latere
799 856 976 940 plurimos,
1006 855 1063 921 ubi
1093 854 1203 920 habile
1231 856 1334 920 visum
1367 857 1479 937 faerit,

355 971 534 1049 erupturos
615 1049 617 1054 s

196 1073 308 1151 XVII,
343 1081 377 1168 1,
410 1078 465 1138 13;
502 1093 595 1154 reges
619 1076 777 1135 venerunt
806 1072 952 1135 iurantes
977 1069 1129 1157 (se)....
1154 1069 1265 1153 fruges
1288 1075 1479 1153 portaturos

358 1179 512 1258 humeris,
537 1179 565 1242 11
589 1177 730 1243 defuisse
755 1177 818 1243 sibi
842 1180 1012 1244 docuerint
1035 1177 1222 1242 defensores

196 1287 284 1366 XIX,
311 1293 339 1366 9,
366 1292 401 1350 5:
438 1291 574 1369 accepta
597 1283 671 1365 tide,
705 1284 794 1370 quod
817 1288 844 1350 si
867 1294 940 1353 tuto
966 1289 1107 1366 licuerit,
1131 1291 1286 1370 sequetur
1309 1286 1479 1369 coniugem

356 1394 470 1475 1111111,
496 1394 599 1458 evasit

195 1501 318 1580 XXIII,
352 1506 382 1580 2,
415 1511 450 1566 1:
483 1498 798 1565 remittebantur...
829 1501 976 1585 principe
1005 1499 1240 1585 respondente,
1272 1521 1478 1584 nequaquam

357 1607 471 1672 decere
485 1659 491 1671 .
506 1657 533 1671 ..
560 1628 628 1670 rem
651 1605 811 1670 vindicari
827 1607 1017 1688 Romanam,
1043 1609 1135 1671 cuius
1152 1606 1268 1690 opibus
1284 1607 1387 1672 foveri
1403 1629 1479 1672 con·

357 1717 482 1781 veniret
505 1715 626 1780 amicos
650 1720 684 1779 et
707 1715 820 1794 socios,
847 1715 875 1778 si
891 1714 1049 1779 auxilium
1064 1736 1121 1781 101
1137 1716 1286 1798 adegerit
1301 1716 1478 1780 necessitas

356 1823 533 1909 implorare

194 1932 313 2013 XXIX,
341 1943 369 2011 1,
399 1937 433 1995 6:
459 1928 668 1996 exclamabat
688 1929 922 1995 Palladius...
946 1928 1029 1993 levia
1061 1950 1130 1993 esse
1161 1927 1258 2008 haec,
1291 1928 1331 1993 de
1361 1928 1478 2012 quibus

358 2039 488 2122 agitur.
504 2089 510 2101 .
527 2059 550 2102 .:
575 2037 642 2101 alia
665 2058 708 2116 se,
734 2037 761 2100 11
787 2038 921 2103 licuerit
943 2035 1060 2116 dicere,
1090 2041 1349 2101 monstraturum
1372 2043 1477 2100 met·
1534 2113 1543 2130 .
1627 2103 1628 2110 ,

357 2145 442 2216 enda
465 2149 498 2208 et
521 2144 662 2227 potiora,
691 2166 774 2227 quae
790 2196 797 2209 .
812 2195 818 2209 .
836 2194 859 2222 .,
885 2145 947 2207 nisi
962 2150 1172 2227 prospectum
1192 2144 1305 2224 fucrit,
1328 2144 1479 2207 universa

358 2251 567 2318 confundent.
618 2248 681 2337 (Ne
705 2273 789 2316 unus
814 2250 945 2334 quidem
970 2251 1193 2315 coniunctivus
1218 2272 1290 2316 eum
1321 2250 1477 2315 hocloco

329 2391 333 2401 ·
357 2361 409 2439 111,
433 2380 531 2423 11111
548 2379 613 2423 101
629 2363 680 2423 111
696 2379 753 2422 111
770 2359 909 2436 licuerit,
932 2359 1039 2439 fucrit
1054 2357 1250 2421 coniunctivi
1266 2355 1475 2443 habeantur.)

287 2469 372 2546 Quid
395 2467 549 2550 impedit,
581 2467 754 2549 quominus
786 2487 897 2530 omnes
929 2465 963 2528 hi
988 2465 1228 2546 ,coniunctivi“
1253 2465 1479 2549 intelligantur

194 2576 298 2641 futuri
314 2576 421 2640 exacti
437 2573 627 2638 indicativi?
669 2573 776 2656 Atque
792 2572 855 2637 hoc
871 2579 959 2637 recte
983 2574 1094 2654 putari
1117 2594 1158 2637 ex
1182 2593 1219 2637 eo
1244 2571 1476 2651 concludimus,

195 2682 283 2766 qnod
309 2684 456 2764 primum
481 2681 642 2744 Ammiani
673 2680 919 2762 usurpationem
950 2678 1119 2743 indicativi
1147 2680 1180 2743 in
1204 2701 1233 2744 o.
1260 2701 1287 2744 o.
1320 2678 1478 2744 latissime

193 2796 307 2873 patere
333 2795 470 2866 constat,
496 2788 612 2853 deinde
638 2794 671 2851 et
694 2787 727 2851 in
751 2785 900 2851 omnibus
924 2786 985 2865 his,
1011 2808 1095 2870 qnae
1118 2787 1215 2852 modo
1231 2786 1355 2870 protuli
1372 2807 1478 2851 exem-

193 2896 258 2980 plis
282 2903 315 2960 et
338 2896 372 2959 in
395 2896 450 2974 iis,
484 2917 567 2978 quae
590 2895 676 2958 infra
701 2894 838 2972 addam,
870 2893 1019 2977 protasin
1052 2893 1152 2958 dubia
1175 2894 1233 2958 illa
1257 2893 1349 2959 verbi
1371 2894 1478 2958 forma

194 3009 354 3068 structam
378 3001 415 3066 11
439 3001 592 3085 apodosis
616 3003 774 3084 sequitur,
807 3001 841 3063 in
865 3022 930 3085 qua
953 3023 1067 3084 pressa
1091 3003 1175 3067 inest
1199 3003 1246 3067 vis
1270 3002 1373 3066 futuri
1397 3007 1478 3065 tem-

193 3112 298 3196 porie,
332 3111 398 3176 sive
428 3111 499 3192 ipsa
530 3109 650 3192 legitur
680 3107 783 3172 futuri
807 3107 897 3172 verbi
928 3106 1052 3189 forma,
1084 3110 1149 3175 sive
1179 3131 1218 3173 ex
1242 3109 1477 3174 sententiarum

194 3240 280 3283 nexu
309 3219 481 3301 perspicue
511 3216 727 3298 cognoscitur.
783 3215 911 3298 Reliqui
940 3215 1004 3281 loci
1039 3217 1102 3281 huc
1125 3217 1348 3300 pertinentes,
1384 3237 1476 3299 quos

195 3333 371 3410 postquam
394 3327 463 3408 ipse
487 3323 627 3408 repperi,
653 3323 782 3388 eosdem
807 3323 839 3386 in
863 3323 1074 3388 Ehrismanni
1096 3322 1208 3388 libello
1233 3322 1322 3407 (pag.
1348 3327 1388 3387 21
1413 3323 1476 3406 sq.)

87 3461 90 3468 ·
175 3433 312 3511 inveni,
337 3437 432 3496 sunt:

194 3540 280 3617 XIV,
308 3545 337 3618 7,
363 3543 398 3601 9:
433 3535 612 3601 mandabat
635 3537 821 3602 Domitiano
837 3587 842 3600 .
861 3587 889 3604 ..
919 3543 957 3601 ut
981 3506 1110 3601 cumin
1137 3537 1263 3621 Syriam
1287 3539 1430 3602 verterit.
1446 3587 1473 3600 ..

354 3645 544 3709 hortaretur

194 3753 287 3834 XXI,
320 3758 356 3832 5,
390 3757 446 3815 1οε
478 3752 687 3817 iuravere...
713 3773 822 3817 omnes
852 3773 912 3834 pro
936 3773 974 3816 eo
999 3774 1108 3830 casus,
1141 3751 1250 3835 quoad
1277 3752 1475 3833 111111111-
1588 3812 1591 3818 .

354 3861 514 3943 fuderint,
539 3861 566 3924 11
588 3859 623 3924 id
648 3861 823 3924 necessitas
849 3862 998 3944 caeperit,
1021 3859 1207 3943 perlaturos

196 3969 316 4049 XXIII,
336 3975 364 4048 3,
384 3973 420 4032 2:
447 3968 566 4034 dicitur
580 4023 587 4036 .
602 4019 609 4032 .
625 4019 631 4032 .
649 3969 808 4051 Procopio
826 3968 996 4032 mandasse
1014 3969 1224 4050 arripere...
1245 3969 1475 4051 principatum,

348 4076 383 4139 ’11
407 4097 440 4140 11
463 4075 613 4140 interisse
639 4077 792 4141 didicerit

196 4183 313 4263 XXIV,
348 4189 377 4262 2,
406 4191 439 4246 l:
473 4182 726 4267 responderunt,
758 4183 845 4266 quod
870 4205 942 4246 cum
966 4182 1124 4246 interiora
1149 4185 1377 4264 occvvpueerict
1397 4203 1475 4264 pro-

356 4290 443 4355 tinus
460 4290 646 4376 gradientes
664 4291 813 4369 Romani,
832 4314 865 4356 se
883 4314 1012 4375 quoque
1027 4344 1033 4356 .
1048 4342 1075 4357 ..
1096 4292 1272 4356 victoribus
1289 4313 1476 4356 accessuros
