3282 4918
758 181 929 264 ,aa

201 359 478 442 interrogationes
502 359 627 444 primae
652 364 684 423 et
707 360 826 424 tertiae
849 380 1008 442 personae
1030 362 1172 424 structas
1188 358 1346 423 infinitivo
1364 382 1389 424 c.
1407 379 1486 437 acc,

200 465 367 532 secundae
392 466 614 548 coniunctivo;
650 466 857 549 Krocpcmm,
889 467 1065 545 Krcbsius,
1097 467 1271 548 Zumptius
1303 467 1366 531 olii
1392 487 1487 550 prae-

209 574 338 658 cipiunt
359 573 551 653 rhetoricae,
577 594 658 656 quas
680 579 808 654 vocant,
833 575 963 658 exigere
985 571 1180 639 infinitivum
1197 595 1223 638 c.
1244 594 1322 654 acc,
1347 574 1486 657 impera-

203 682 289 747 tiras
314 682 555 746 coniunctivum
580 679 781 769 (Andersson
804 704 836 765 p.
860 687 901 746 47
926 683 999 770 sq).

292 788 332 852 In
355 787 517 858 Ammiani
540 786 634 853 libris
658 808 732 852 cum
755 789 918 872 propriae,
943 794 982 853 ut
1006 789 1054 853 ita
1079 788 1195 868 dicam,
1221 794 1254 853 et
1278 788 1496 853 continuatae*
1573 783 1576 792 ’

202 917 233 960 o.
259 894 414 980 obliquae
437 895 635 980 paucissima
659 895 807 979 exempla
838 897 1062 980 reperiantur,
1093 916 1158 959 non
1190 897 1365 975 miramur,
1399 894 1488 980 quod

203 1003 350 1087 exceptis
366 1000 681 1086 interrogationibus
696 1001 874 1083 indireotis,
900 1022 980 1085 quas
996 1003 1178 1086 praeterire
1193 1001 1226 1065 in
1247 1000 1309 1067 hac
1325 1022 1487 1066 commen-

203 1111 342 1190 tatione,
368 1130 441 1175 cnm
463 1110 529 1175 iarn
552 1110 586 1173 in
607 1130 636 1175 ο.
660 1113 751 1174 recta
768 1110 904 1175 eandem
928 1109 1066 1174 formam
1089 1106 1244 1187 habeant,
1272 1123 1371 1192 supra
1393 1109 1487 1174 insti-

202 1219 263 1297 tui,
288 1238 390 1282 unum
413 1221 542 1282 tantum
566 1216 749 1300 exemplum
772 1217 868 1282 nobis
893 1217 1052 1296 occurrit3
1079 1214 1168 1300 quod
1191 1221 1257 1296 est;

203 1323 292 1405 XXI,
322 1331 350 1405 l,
378 1329 433 1388 13:
459 1324 598 1390 vanities
621 1323 817 1409 aliquotiens
840 1323 971 1408 plebeia
995 1324 1121 1406 strepit,
1147 1321 1228 1388 haec
1244 1324 1383 1407 inperite
1399 1345 1486 1388 mus·
1512 1341 1516 1348 ·
1583 1412 1586 1424 1
1613 1329 1615 1336 ‘

364 1429 485 1510 sande,
515 1431 543 1494 si
567 1435 652 1497 esset
674 1429 916 1516 praesentiendi
940 1430 1059 1495 notitia
1082 1428 1262 1516 quaedam,
1293 1452 1352 1496 cur
1374 1431 1486 1498 ille-se

365 1559 518 1604 casurum
540 1538 574 1603 in
597 1537 684 1604 bello
708 1538 759 1603 vel
782 1537 864 1606 alius
890 1539 952 1604 hoc
976 1560 1010 1604 se
1032 1559 1208 1622 passurum
1237 1540 1402 1624 ipoorooit
1428 1547 1488 1606 aut

365 1645 467 1713 illud.
482 1697 488 1712 .
503 1695 510 1709 .

291 1771 343 1838 Ab
366 1777 508 1855 utroque
530 1769 587 1836 illo
611 1775 786 1855 praecepto
809 1771 1028 1855 intellegimus
1050 1770 1257 1838 Ammiannm
1280 1774 1410 1858 penitus
1434 1797 1485 1841 re-

204 1881 348 1946 cessisse.
395 1877 574 1944 Definitum
598 1879 683 1943 enim
705 1876 874 1944 indicativi
896 1900 992 1943 usum
1018 1881 1165 1962 praefert
1182 1879 1382 1946 Graecorum
1409 1904 1485 1948 con·
1523 1875 1524 1880 ¹

202 1988 369 2054 suetudini
392 1988 588 2072 propiorem,
614 2007 710 2069 quem
734 1985 870 2051 eundem
894 1988 927 2049 in
952 1984 1120 2052 indireotis
1145 2009 1174 2070 q.
1199 1987 1230 2053 d.
1254 1989 1485 2072 interrogatio-

181 2095 297 2161 ·nibus
321 2094 500 2161 formandis
524 2115 620 2177 saepe
640 2093 821 2158 adhibuissi
831 2093 856 2180 ¹)
880 2115 980 2178 supra
997 2091 1086 2179 (pag.
1105 2096 1139 2182 8)
1157 2095 1301 2177 exposui,
1326 2100 1360 2160 et
1374 2096 1485 2161 multi-

202 2203 320 2268 fariam
344 2202 377 2266 in
402 2201 559 2268 orationis
583 2199 647 2266 obl.
672 2200 842 2266 sententiis
866 2199 1075 2282 secundariis,
1099 2200 1134 2267 id
1161 2201 1249 2285 quod
1272 2202 1359 2279 infra
1380 2206 1484 2289 magis

202 2310 382 2396 expediam.
734 2398 947 2406 ῳ*-

291 2527 330 2591 In
361 2525 548 2590 universum
575 2523 757 2591 iudicantes
788 2544 826 2588 ea
856 2545 940 2609 quae
970 2522 1103 2607 prolata
1133 2512 1210 2587 sunt
1243 2521 1282 2588 de
1314 2525 1484 2590 sententiis

201 2633 366 2719 primariis
396 2635 431 2697 in
461 2653 489 2696 o.
522 2654 551 2698 o.
584 2632 666 2697 haec
693 2632 758 2696 tria
789 2630 1028 2696 concludimus:
1057 2632 1205 2713 primum
1234 2631 1427 2716 scriptorem
1450 2633 1484 2696 in

202 2741 367 2808 struendis
391 2741 442 2805 his
467 2739 634 2805 sententiis
659 2743 765 2805 certas
787 2738 876 2821 leges
899 2739 1030 2802 minime
1058 2739 1235 2822 sprevisse,
1268 2739 1383 2804 deiude
1406 2738 1483 2803 Am-

201 2849 300 2916 miani
316 2869 412 2913 usnm
427 2848 568 2912 maxime
583 2847 616 2910 iu
634 2847 848 2912 enuntiativis
864 2845 1033 2910 sententiis
1047 2844 1289 2910 conformandis
1305 2844 1483 2912 abhorrere

203 2978 221 3023 a
243 2956 411 3041 prioribus
434 2953 650 3040 scriptoribus
673 2974 779 3037 neque
802 2958 913 3017 tamen
936 2953 998 3032 ita,
1029 2957 1067 3016 ut
1089 2973 1224 3037 prorsus
1249 2953 1373 3018 alienus
1397 2955 1440 3019 sit
1464 2976 1484 3020 a

201 3072 322 3132 natura
344 3063 502 3128 sermonis
525 3061 630 3141 latini,
655 3061 794 3143 denique
817 3060 850 3124 in
873 3058 1061 3143 usurpando
1084 3059 1260 3125 indicativo
1288 3060 1384 3126 modo
1409 3068 1485 3145 post

198 3170 397 3256 particulam
428 3171 515 3253 quod
551 3190 624 3234 eum
653 3169 788 3251 propius
818 3188 916 3250 quarn
945 3167 1071 3251 priores
1104 3169 1280 3250 scriptores
1306 3169 1481 3234 accessisse

203 3277 247 3344 ad
271 3277 471 3342 Graecorum
495 3275 771 3342 consuetudinem.

559 3637 615 3703 De
639 3637 846 3706 sententiis
871 3636 1124 3702 secundariia

294 3795 504 3864 Coniunctioo
532 3795 631 3862 modo
662 3798 697 3862 in
728 3818 756 3864 o.
787 3817 816 3862 o.
846 3794 1018 3861 struendas
1050 3817 1119 3860 esse
1143 3816 1253 3861 omnes
1277 3798 1483 3882 grammatici

198 3905 406 3990 praecipiunt
437 3926 491 3971 eas
523 3905 779 3984 enuntiationes,
812 3925 895 3988 quae
925 3908 983 3968 aut
1012 3925 1032 3968 a
1057 3904 1249 3988 pronomine
1273 3904 1408 3969 relativo
1433 3906 1481 3969 in-

200 4013 326 4097 cipiunt
340 4019 398 4079 aut
413 4012 613 4079 inducuntur
628 4013 798 4098 particulis
815 4009 934 4095 „quod
959 4011 1047 4093 quia,
1075 4010 1142 4092 ubi,
1168 4018 1352 4096 postquam,
1375 4013 1481 4097 prius-

200 4141 308 4203 quam,
333 4142 531 4205 quamquam
555 4125 638 4187 oet.“
663 4127 722 4188 aut
745 4141 829 4204 quae
852 4118 1000 4202 protasio
1016 4118 1175 4198 indicant,
1200 4142 1273 4186 cum
1293 4121 1481 4184 inseruntur

238 4353 259 4422 1)
279 4356 318 4406 Cl.
337 4359 455 4424 Draeger
473 4359 507 4422 II,
526 4376 552 4424 p.
572 4369 630 4424 475.
