3282 4918
711 162 918 259 AL..

170 341 272 419 XVII,
299 347 328 420 8,
357 348 392 406 3:
429 341 572 407 occurrit
594 339 715 424 legatio
741 392 747 406 .
773 392 779 406 .
806 393 812 406 .
837 362 950 424 paoem
974 338 1033 404 sub
1057 339 1119 405 hac
1141 339 1214 423 lege
1236 336 1483 422 praetendens

330 454 369 541 ut
391 449 594 532 quiescentes
619 468 669 514 eos
691 454 861 532 tamquam
882 447 916 513 in
932 447 999 512 suis
1014 468 1074 512 nec
1090 446 1265 512 lacesseret
1281 447 1483 530 quisquam

331 576 391 621 nec
415 562 558 621 vexaret.

259 663 437 746 Populares
459 663 645 746 legatorum
669 663 810 747 scriptor
833 663 937 746 magis
960 662 1091 728 videtur
1114 662 1148 726 in
1172 660 1280 726 animo
1301 659 1481 726 habuisse

170 776 204 834 et
226 771 417 851 pronomine
442 791 492 835 cos
516 768 715 853 significasse
740 791 838 854 quarn
861 770 987 853 legatos
1007 770 1115 853 ipsos3
1147 768 1182 832 hi
1214 767 1300 833 enim
1322 767 1478 833 nuntia-

168 882 286 941 verunt
308 897 421 960 preces
446 882 479 941 et
502 877 705 942 conditiones
727 863 936 961 popularium
957 884 990 942 et
1005 898 1064 960 pro
1080 877 1120 941 iis
1136 896 1251 960 pacem
1268 881 1476 944 oraverunt.

170 984 256 1063 XXI,
283 988 312 1064 5,
341 989 395 1048 12:
433 1006 505 1050 eum
529 990 753 1067 antegressum
777 1006 849 1049 eum
873 984 1008 1050 uidisset
1032 1035 1038 1048 .
1065 1035 1071 1048 .
1099 1035 1106 1048 .
1132 1006 1239 1064 orare,
1264 987 1302 1047 ut
1324 983 1476 1048 levandi

329 1113 427 1156 eausa
451 1091 579 1156 timoris
604 1093 634 1156 ei
657 1092 840 1176 porrigeret
863 1090 1032 1156 dexteram
1057 1143 1063 1156 .
1090 1142 1097 1157 .
1122 1143 1128 1156 .
1154 1092 1232 1158 ait.
1258 1142 1265 1156 .
1291 1142 1298 1156 .

259 1197 332 1263 Huc
343 1195 459 1264 eodem
472 1200 638 1281 pertinent
648 1198 806 1277 Ktihneri,
825 1219 909 1281 quae
925 1220 1024 1282 supra
1039 1199 1173 1283 protuli,
1190 1197 1306 1278 verba3
1323 1199 1471 1280 (oravit,

172 1310 210 1369 ut
235 1356 241 1369 .
268 1355 275 1369 .
303 1356 310 1369 .
334 1308 398 1373 sibi
419 1305 604 1390 porrigeret
627 1304 820 1391 dexteram).

274 1415 305 1502 c)
331 1416 368 1478 ia
390 1435 450 1480 sec.
476 1415 666 1492 sanctiatis,
691 1435 776 1496 quoe
799 1414 1002 1479 inducuntur
1025 1415 1131 1497 „qaod
1153 1415 1311 1493 coascii“,
1334 1417 1372 1479 ut

171 1520 239 1597 XX,
264 1531 295 1602 4,
323 1527 379 1586 13:
405 1521 552 1604 suspensi
576 1519 795 1586 discesserunt
817 1526 851 1586 et
873 1521 1000 1600 maesti,
1026 1519 1114 1604 quod
1138 1541 1188 1588 cos
1204 1521 1337 1587 fortuna
1353 1543 1464 1605 quae-

333 1627 409 1694 dam
436 1629 611 1694 inclemens
642 1633 675 1693 et
704 1628 874 1694 moderato
905 1634 1033 1696 rectore
1065 1635 1098 1697 et
1128 1629 1226 1694 terris
1254 1629 1468 1712 genitalibus

333 1735 518 1820 dispararet

49 1906 57 1914 ,
170 1843 304 1923 XXVII,
333 1849 382 1924 12,
410 1847 465 1906 16:
495 1833 678 1926 Aspacures
702 1843 809 1908 oravit
831 1849 868 1909 ut
885 1895 891 1909 .
935 1895 966 1910 ..
991 1849 1177 1928 regnarent,
1203 1835 1357 1909 causatus
1380 1843 1467 1910 ideo

331 1972 365 2015 se
388 1971 447 2016 nee
472 1949 586 2016 cedere
610 1971 670 2016 nec
693 1948 736 2015 ad
759 1958 869 2033 partes
892 1972 988 2036 posse
1012 1951 1152 2016 transire
1167 1950 1341 2031 Romanas,
1367 1951 1466 2035 quod

329 2057 426 2123 Ultra
451 2059 520 2123 cias
542 2055 629 2123 filius
653 2057 776 2123 obsidis
799 2057 870 2141 lege
893 2056 1067 2124 tenebatur
1090 2055 1198 2124 adhuc
1220 2057 1309 2141 apud
1326 2059 1462 2125 Persas.

261 2166 299 2230 In
322 2171 463 2249 utraque
487 2166 649 2230 sententia
673 2166 813 2248 scriptor
837 2166 987 2231 confudit
1009 2186 1102 2230 suam
1126 2187 1335 2232 cumeorum
1367 2169 1464 2252 cogi-

170 2275 304 2352 tatione,
331 2272 371 2338 de
395 2272 513 2357 quihus
537 2275 656 2357 agitur,
681 2273 729 2338 ita
752 2281 872 2354 tamen,
896 2272 1038 2338 utillud
1062 2295 1113 2339 cos
1135 2274 1280 2358 positum
1303 2274 1347 2339 sit
1367 2275 1464 2341 inea

172 2381 344 2461 sententia,
370 2403 453 2465 quae
476 2381 597 2464 pendet
620 2403 660 2446 ex
684 2382 756 2465 ipsa
779 2388 860 2446 sent.
885 2381 1058 2466 primaria,
1091 2383 1153 2448 hoc
1178 2382 1246 2449 cius
1269 2381 1462 2449 adhibitum

172 2491 215 2555 sit
237 2490 271 2554 in
294 2490 457 2555 sententia
480 2489 602 2554 causali
625 2495 704 2571 apta
720 2510 760 2553 ex
775 2488 991 2572 praecedente
1006 2488 1160 2555 infinitivi
1175 2511 1249 2554 cum
1267 2511 1332 2556 acc.
1350 2496 1461 2557 strue·

172 2602 256 2662 tura.
291 2596 423 2660 Minime
439 2596 541 2678 igitur
556 2603 720 2661 servatum
736 2601 828 2661 extat
842 2596 877 2661 id
894 2594 981 2679 quod
992 2596 1129 2662 Kiihner
1147 2595 1243 2663 docet
1255 2597 1346 2685 (Hp.
1361 2604 1459 2680 448);

174 2705 234 2785 ,,Ιη
258 2703 321 2768 deu
343 2702 640 2787 Bedingungs-
665 2702 745 2767 oder
769 2703 1077 2770 Kausals'atzen
1100 2704 1188 2769 steht
1210 2705 1238 2768 is
1265 2726 1328 2768 nur
1358 2704 1460 2785 dann,

173 2834 265 2877 wenn
290 2810 348 2877 der
371 2810 560 2895 regiarende
578 2810 655 2875 Sata
679 2809 747 2874 und
763 2810 821 2876 der
837 2812 910 2879 hcc.
929 2833 955 2877 c.
973 2809 1035 2876 Inf.
1052 2811 1282 2878 verschiedene
1298 2811 1461 2896 Subjekte

173 2920 297 3000 haben,
331 2919 410 2984 oder
439 2940 531 2983 wenn
562 2918 614 2982 die
645 2918 837 3002 Bedingung
869 2917 949 2984 oder
979 2917 1038 2984 der
1071 2918 1185 2984 Grund
1206 2920 1308 2985 *nicht
1338 2919 1460 3000 direkt,

173 3027 314 3094 sondern
349 3032 416 3092 erst
451 3024 555 3090 durch
586 3025 714 3090 Andere
749 3025 829 3091 oder
865 3026 968 3091 durch
999 3025 1107 3091 Briele
1138 3026 1313 3112 mitgeteilt
1343 3028 1460 3093 wird.“

173 3136 326 3221 Legimus
350 3135 435 3200 enim
457 3131 557 3198 iidem
788 3215 791 3225 1

276 3242 311 3330 d)
336 3245 373 3308 io
395 3264 454 3308 sco.
478 3243 663 3320 sententiis,
692 3264 776 3324 quoe
806 3242 973 3327 incipiant
995 3264 1017 3307 o
1037 3242 1207 3325 porticulo
1231 3244 1459 3322 condicionali,

338 3355 371 3416 et
395 3348 526 3435 quidem
550 3350 666 3414 semel:

174 3459 277 3537 XXII,
305 3464 333 3539 7,
361 3463 392 3522 5;
418 3457 482 3522 duo
507 3464 641 3541 agentes
664 3457 698 3520 in
721 3455 819 3522 rebus
844 3477 917 3521 eum
940 3456 1052 3522 adiere
1067 3457 1297 3540 promittentes
1312 3456 1459 3524 latebras

335 3571 518 3630 monstrare
542 3564 710 3644 Florentii,
736 3565 763 3629 si
787 3566 834 3630 cie
857 3564 979 3648 gradus
1002 3563 1138 3629 militiae
1162 3564 1364 3632 redderetur.

263 3672 348 3738 Mira
371 3672 511 3755 donique
534 3671 663 3738 videtur
686 3672 857 3753 usurpatio
881 3671 1083 3753 pronominis
1106 3673 1136 3738 is

174 3782 286 3858 XXII,
322 3786 355 3860 l,
389 3785 424 3844 2:
464 3777 644 3867 (Julianus)
674 3779 870 3844 exclamavit
899 3777 1055 3844 cecidisse
1086 3780 1142 3863 qui
1171 3801 1242 3845 earo
1265 3778 1307 3844 ad
1332 3779 1459 3844 culmen

334 3888 498 3954 extulerat
516 3888 637 3955 celsum
650 3887 675 3972 ¹)
699 3887 787 3972 (cum
810 3886 968 3970 seriptum
985 3891 1034 3952 est
1050 3908 1067 3953 e
1084 3887 1282 3971 cogitatione
1297 3886 1459 3951 Ammiani

335 3994 495 4084 ipsius).²)

211 4250 233 4318 1)
251 4252 348 4300 tolerat
364 4251 454 4300 celsum
473 4251 590 4300 additum
610 4265 641 4299 ex
660 4248 693 4301 G.

210 4340 233 4408 2)
251 4343 300 4390 Hic
317 4342 473 4406 pronomine
492 4342 518 4390 in
540 4357 564 4391 o.
585 4357 609 4390 0.
629 4355 757 4404 nusquam
776 4339 907 4404 loquentis
926 4353 1041 4402 persona
1060 4337 1219 4401 exprimitur.
