3282 4918
733 151 944 286 gn„

286 363 472 449 Imperfecti
503 362 699 430 indicativus
731 385 804 428 cum
835 362 1000 447 particula
1031 364 1128 441 „dum
1153 395 1194 418 =
1219 385 1255 428 so
1287 363 1383 448 lange
1407 365 1479 430 als“

201 472 392 536 coniunctus
417 470 561 556 (Kriiger
584 492 615 554 p.
641 471 719 557 858)
743 470 880 555 legitur:

199 577 348 656 XXVIII,
376 582 405 659 1,
431 583 488 643 34:
514 577 765 648 Victorinum..
789 577 979 644 defunctum
1002 578 1222 657 insimulabat,
1247 584 1286 644 ut
1307 578 1483 644 Maximini

355 693 459 766 actus,
484 687 560 750 dum
581 691 761 769 superorat,
786 687 1008 751 venditantem

464 793 609 878 Denique

299 902 330 983 o)
353 905 422 981 „su'“
442 902 612 985 particula
634 902 859 981 couduu'ouub',
883 900 981 968 semel
1005 901 1039 965 in
1055 921 1084 966 o.
1102 921 1129 968 0.
1147 900 1322 967 coniuncta
1338 921 1411 965 cum
1429 899 1481 964 in-

355 1006 507 1087 dicativo,
533 1029 584 1072 res
608 1008 789 1090 praeterita
813 1009 1022 1092 exprimitur:

194 1114 285 1192 XIV,
321 1119 379 1194 11,
414 1120 471 1178 ll:
506 1113 667 1202 (Scudilo)
692 1137 766 1180 cum
864 1114 1026 1200 proficisci
1049 1113 1186 1198 pellexit
1287 1113 1480 1198 replicando

354 1222 441 1305 quod
465 1220 681 1306 flagrantibus
704 1224 787 1289 votis
810 1245 884 1290 eum
907 1223 1018 1289 uidere
1036 1222 1140 1288 frater
1157 1228 1292 1306 cuperet
1307 1221 1479 1304 patruelis,

353 1331 462 1414 siquid
480 1351 541 1414 per
564 1331 816 1414 inprudentium*
834 1337 958 1416 pastum
981 1336 1029 1397 cst
1050 1331 1254 1396 remissurus.

168 1445 171 1450 '
285 1437 488 1521 Quamquam
512 1437 687 1522 deliquisse
704 1438 835 1504 Gallum
854 1438 975 1504 multas
991 1461 1042 1504 res
1059 1479 1100 1487 —-
1117 1437 1179 1503 hoc
1196 1437 1281 1503 enim
1298 1437 1478 1503 indicativo

195 1543 397 1628 significatur
410 1583 451 1591 —
464 1565 603 1627 quarum
621 1545 650 1608 ei
667 1567 748 1629 opus
765 1553 837 1612 erat
853 1547 947 1611 venia
961 1547 1178 1630 imperatoris,
1196 1544 1284 1609 haud
1300 1545 1476 1628 ignorabat

196 1651 345 1732 Scudilo,
378 1659 506 1732 tamen,
538 1652 572 1716 id
596 1653 684 1736 quod
707 1655 899 1738 pronomine
921 1656 1071 1739 „siquid‘
1095 1653 1248 1731 efficitur,
1282 1652 1478 1718 indubium

195 1759 281 1825 Galli
316 1758 445 1844 culpam
480 1766 576 1826 vocat
608 1760 711 1826 levem
746 1762 788 1828 ab
823 1764 1021 1847 imperatore
1050 1761 1167 1827 haberi
1197 1761 1291 1846 fingit
1326 1767 1479 1844 tectaque

194 1867 366 1952 significat.

283 1976 355 2041 Non
372 1977 475 2042 solum
491 1976 534 2041 ad
550 1998 588 2041 ea
606 1999 689 2061 quae
704 1984 796 2062 postu
813 1983 889 2044 sunt
905 1976 1037 2044 definite
1053 1977 1265 2063 exprimenda
1280 1976 1477 2042 indicativus

193 2084 227 2147 in
251 2105 280 2148 o.
306 2106 334 2149 o.
360 2085 401 2149 ab
427 2086 461 2149 Α.
487 2085 647 2149 retinetur
671 2086 728 2151 sed
752 2088 851 2152 etiam

282 2202 314 2255 3.
338 2201 375 2255 in
406 2199 449 2256 iis
480 2201 684 2268 enuntiatis,
716 2202 753 2260 in
782 2202 908 2268 quibus
939 2215 1059 2258 revera
1089 2216 1164 2260 esse
1196 2206 1256 2260 aut
1282 2205 1376 2258 certe
1399 2201 1475 2255 fore

194 2306 327 2373 aliquid
349 2309 544 2377 exponitur,
568 2308 601 2364 et
624 2301 686 2366 hoc
710 2323 840 2386 quoque
863 2303 897 2366 in
921 2302 1100 2382 sententiis,
1126 2323 1210 2386 quac
1233 2302 1392 2385 incipiunt

297 2409 331 2494 a)
354 2411 544 2492 prououiuc
568 2409 621 2474 ccl
643 2410 793 2475 adverbio
817 2411 973 2476 relativo:
1242 2389 1246 2399 ⁵

194 2514 279 2596 XVI,
314 2519 366 2603 10,
403 2522 455 2580 17:
488 2517 522 2580 in
546 2515 633 2580 fama
657 2517 900 2600 querebatur..
927 2515 1058 2602 quod..
1077 2537 1155 2601 erga
1178 2514 1259 2581 haec
1283 2513 1476 2599 explicanda

353 2644 435 2708 quac
459 2623 581 2688 nouae
604 2629 681 2689 suut
703 2623 878 2689 obsolescit

193 2729 313 2808 XVIII,
340 2737 368 2816 7,
395 2737 449 2795 10:
475 2730 602 2796 orditur
625 2729 713 2794 flecti
734 2731 799 2796 iter
822 2730 961 2796 suadens
985 2732 1019 2795 in
1043 2731 1212 2796 dexterum
1228 2729 1325 2809 latua,
1349 2735 1387 2794 ut

352 2838 489 2902 Barzalo
515 2846 548 2902 et
565 2836 718 2902 Claudias
741 2843 932 2922 peterentur
948 2889 955 2903 .
970 2890 976 2902 .
992 2893 998 2905 .
1015 2889 1020 2902 .
1045 2839 1102 2902 ubi
1118 2839 1225 2903 teuuis
1239 2839 1360 2918 uuuus
1373 2855 1475 2920 propo

352 2947 511 3029 orc'pu'ucu
629 2945 730 3026 focile
751 2947 921 3030 pcuctuurc'
942 2951 1063 3029 poterit

193 3052 262 3133 XX,
286 3060 317 3130 4,
346 3057 402 3116 12:
428 3051 596 3116 animabat
620 3102 683 3132 ...,
708 3059 745 3117 ut
761 3051 804 3116 ad
820 3053 1002 3136 Augustum
1083 3104 1089 3117 .
1107 3057 1291 3135 pergerent,
1314 3052 1371 3116 ubi
1384 3055 1474 3135 potc-

352 3165 419 3225 stus
444 3165 490 3224 cst
512 3160 619 3244 ample
640 3166 757 3244 puteus
781 3166 812 3226 ct
835 3161 930 3245 torpa

192 3264 308 3346 XXVI,
335 3271 365 3343 5,
391 3270 448 3330 12:
474 3266 654 3350 legationes
678 3267 808 3333 urbium
832 3287 997 3333 accessere
1022 3317 1052 3330 ..
1076 3271 1247 3350 precantes
1271 3285 1310 3329 ne
1425 3265 1475 3329 in-

352 3378 575 3458 propugnatas
600 3395 653 3438 eas
677 3373 894 3458 relinqueret,
924 3393 1005 3458 quas
1025 3395 1182 3458 praescus
1206 3375 1330 3457 cripere
1352 3377 1476 3456 poterit

353 3482 594 3546 ‹usertutuibus
617 3482 771 3546 ruuuimis

192 3587 309 3667 XXIX,
337 3593 363 3666 l,
390 3593 426 3652 6:
452 3588 658 3654 exclamabat
756 3587 840 3653 levia
863 3610 932 3654 esse
955 3589 1047 3669 haec,
1072 3591 1248 3675 dequibus
1272 3591 1383 3672 coitur

351 3695 417 3760 alia
441 3717 474 3762 se
499 3748 506 3761 .
528 3748 534 3761 .
555 3749 561 3764 .
586 3704 842 3761 monstraturum
868 3749 930 3763 ...
963 3719 1045 3782 quuc
1070 3699 1195 3781 iupcuti
1217 3697 1381 3760 ucoluuc'uc
1405 3697 1471 3760 ium

280 3862 282 3866 ,
348 3809 556 3887 praestructo
652 3806 806 3869 uuiccrsu
830 3805 1030 3887 confuudeut

190 3909 306 3989 XXIX,
335 3916 361 3988 l,
389 3915 446 3973 22:
472 3911 596 3976 nullam
614 3932 682 3975 esse
698 3910 914 3977 crudeliorem
934 3903 1128 3977 sententiam
1146 3933 1193 3990 ea,
1219 3916 1373 3997 quaeest,
1398 3931 1473 3976 curn

349 4039 485 4102 parcere
510 4020 647 4095 videtur,
674 4019 829 4102 (asperior.
876 4017 992 4101 XXXI,
1017 4024 1046 4098 4,
1074 4015 1214 4108 21125,l

291 4126 326 4213 b)
351 4150 372 4192 u
396 4127 524 4192 causali
544 4128 714 4211 porticula
736 4127 838 4210 quod:

191 4233 275 4314 XVI,
302 4239 331 4315 2,
357 4239 392 4299 l:
417 4257 489 4299 cum
515 4235 723 4299 subsererent
747 4235 880 4318 quidam
899 4233 1134 4306 Silvanum...
1154 4257 1213 4320 per
1237 4235 1470 4319 conpendiosas

351 4344 428 4422 vias,
455 4365 564 4408 verum
590 4347 757 4426 suspectas
781 4345 859 4426 quic
883 4344 1023 4409 tenebris
1046 4344 1156 4409 uiuus
1178 4345 1384 4423 umbrantur,

250 4491 253 4496 >
350 4454 505 4518 transisse
