3282 4918
561 721 563 728 *
621 780 826 868 Pars
863 777 1019 868 111.

375 969 435 1062 De
467 969 604 1062 verbo
636 965 684 1061 in
716 965 816 1088 ipsa
848 966 1050 1064 oratione
1082 964 1269 1088 obliqua.

191 1240 208 1255 .„
231 1161 414 1295 {Tuam
437 1221 472 1264 re
496 1199 690 1266 tractandae
713 1204 809 1266 amnt
832 1199 999 1286 deinceps:

482 1307 522 1395 Α)
547 1308 726 1374 sententiae
750 1308 926 1392 primariae
950 1308 1147 1392 etquidem,

682 1421 708 1480 1.
733 1415 964 1496 enuntiativae,

680 1526 708 1587 2.
733 1522 956 1606 imperativae,

680 1633 709 1694 3.
732 1628 995 1715 interrogativae.
1076 1671 1083 1686 ·

484 1735 525 1821 B)
548 1737 728 1802 sententiae
752 1738 973 1803 secundariae.

717 1919 929 1928 —————.-

270 2022 415 2088 Primum
438 2022 539 2107 igitur
563 2021 758 2088 disseremus

802 2237 842 2310 Α.

407 2384 455 2450 de
479 2384 685 2451 sententiis
709 2351 908 2466 primariis
932 2383 1057 2451 ethis
1083 2384 1240 2466 quidem
1302 2345 1305 2352 Ι

685 2564 706 2632 Ι.
731 2515 965 2634 enuntiativis:
1038 2531 1042 2540 ¹

269 2721 497 2788 Enuntiativas
528 2723 707 2788 sententias
736 2724 910 2808 primarias
941 2722 975 2786 in
1005 2743 1033 2788 0.
1059 2743 1088 2790 o.
1119 2743 1229 2788 omnes
1258 2723 1463 2806 grammatici

184 2831 302 2896 docent
324 2830 510 2895 accusativo
534 2850 607 2894 cum
630 2828 790 2895 infinitivo
814 2829 987 2897 struendas
1013 2851 1097 2910 esse;
1123 2850 1225 2894 acne
1248 2829 1312 2893 illis
1328 2828 1462 2912 quidem

181 2937 378 3004 coniunctivi
409 2935 498 3001 modi
526 2957 586 3019 pro
617 2938 801 3002 accusativo
832 2959 858 3004 c.
891 2937 948 3002 inf.
980 2938 1131 3022 usurpati
1168 2937 1340 3021 exempliS,
1376 2956 1461 3020 quac

180 3045 403 3130 Nipperder'ns
431 3043 474 3107 ad
498 3041 588 3111 Caes.
620 3042 651 3112 b.
683 3065 709 3109 c.
733 3044 802 3126 III,
836 3050 896 3126 73,
927 3050 945 3110 6
976 3044 1124 3129 (Quaest.
1156 3066 1188 3128 p.
1216 3049 1275 3108 181
1301 3042 1339 3131 f.)
1364 3041 1461 3108 affert

181 3152 236 3240 (cf.
261 3150 422 3218 Proctscie
434 3151 462 3234 1)
483 3171 558 3235 pap.
582 3154 645 3237 27)
670 3174 709 3217 ex
734 3151 890 3219 Cicerone
914 3152 970 3239 (de
993 3151 1045 3218 off.
1071 3152 1097 3232 Ι,
1130 3158 1184 3232 44,
1217 3156 1294 3226 158;
1329 3151 1368 3217 de
1391 3156 1458 3218 nat.

181 3259 315 3324 deorum
338 3258 368 3338 1,
399 3263 458 3337 44,
495 3258 583 3345 123),
615 3258 751 3325 essorn.
778 3260 904 3344 Nepote
936 3259 1061 3347 (Them.
1088 3267 1117 3338 7,
1151 3260 1195 3346 6),
1226 3281 1243 3324 e
1273 3258 1359 3324 bello
1391 3258 1459 3324 Afr.

181 3367 249 3456 (31,
275 3366 319 3453 3),
345 3366 441 3430 huius
464 3367 632 3449 praecepti
655 3367 702 3431 vis
725 3367 943 3450 restringitur,
969 3389 1041 3432 cum
1067 3367 1131 3432 duo
1154 3367 1211 3432 illa
1233 3388 1274 3431 ne
1295 3368 1461 3450 pertinere

180 3473 312 3558 quidem
341 3473 405 3538 huc
434 3471 653 3560 videantur,²)
685 3473 750 3539 duo
779 3475 963 3558 posteriora
986 3495 1051 3539 non
1074 3475 1185 3558 magni
1208 3473 1361 3559 ponderis
1384 3475 1460 3552 siut,

217 3727 238 3794 1)
258 3731 289 3778 A.
309 3727 449 3792 Procksch‚
469 3729 512 3779 die
532 3730 683 3779 consecutio
703 3734 849 3792 temporum
868 3728 911 3777 bei
932 3726 1036 3790 Caesar,
1058 3729 1168 3795 Leipzig
1188 3729 1254 3792 1873.

216 3817 238 3887 2)
259 3819 312 3870 Cic.
332 3819 365 3868 de
386 3818 427 3867 off.
447 3819 467 3881 Ι,
495 3833 537 3881 44,
566 3818 619 3884 158:
652 3818 726 3880 „Nec
745 3834 834 3867 verum
854 3824 899 3879 est,
921 3818 991 3882 quod
1011 3834 1026 3868 a
1046 3820 1200 3884 quibusdam
1221 3817 1326 3875 dicitur,
1353 3824 1462 3881 propter

257 3910 438 3959 necessitatem
459 3910 535 3970 vitae,
556 3908 627 3973 quod
647 3924 685 3966 ea,
707 3923 773 3973 quae
792 3913 885 3956 natura
904 3907 1072 3970 desideraret,
1094 3909 1218 3972 consequi
1232 3909 1287 3956 sine
1305 3907 1362 3954 aliis
1383 3915 1461 3972 atque

257 3999 359 4048 efficere
382 4013 436 4048 non
461 4013 610 4062 possemus,
637 3998 735 4048 idcirco
763 3998 853 4046 initam
881 4012 937 4045 csse
959 4012 1016 4046 cum
1035 3997 1186 4046 hominibus
1205 3996 1416 4045 communitatem
1437 4005 1461 4046 et

256 4091 421 4146 societatem,-
447 4088 559 4152 quodsi
579 4088 667 4139 omnia
685 4089 772 4148 nobis,
797 4103 863 4153 quae
883 4088 916 4136 ad
936 4089 1031 4137 victum
1052 4088 1199 4152 cultumque
1218 4086 1362 4150 pertinent,
1387 4087 1460 4152 quasi

256 4179 359 4242 virgula
379 4178 476 4240 divina,
497 4184 525 4225 ut
544 4178 624 4237 aiunt,
645 4177 863 4241 suppeditaretur,
884 4183 937 4224 tum
957 4178 1057 4241 optimo
1078 4176 1186 4241 quisque
1206 4175 1322 4239 ingenio,
1346 4176 1460 4239 negotiis

257 4270 379 4319 omnibus
399 4268 510 4328 omissis,
530 4273 612 4315 totum
637 4281 665 4315 se
691 4267 718 4314 in
745 4268 899 4330 cognitione
926 4273 950 4315 et
973 4266 1082 4316 scientia
1107 4264 1277 4314 collocaret.“
1314 4265 1375 4313 Hoc
1400 4266 1461 4314 loco

253 4362 350 4423 „qmnri‘
369 4365 408 4407 est
427 4356 548 4417 causalis,
569 4361 594 4403 et
612 4357 701 4420 ‚puori
720 4355 766 4411 si“,
787 4370 841 4403 non
860 4357 946 4418 quodsi
963 4355 1110 4419 legendum.
