3282 4918
806 198 849 262 43

187 373 310 455 „qiioil“
340 395 412 439 oum
443 375 546 440 futuri
575 374 750 440 indicativo
775 377 994 442 coniunctum.
1040 375 1100 454 (Cf.
1126 376 1222 440 etiam
1248 375 1324 454 XV,
1359 381 1395 454 5,
1429 384 1465 454 63

187 479 275 559 XXI,
303 485 352 559 13,
383 487 437 559 15;
462 483 577 561 XXIX,
605 489 634 562 3,
661 489 697 563 73
722 483 821 561 XXX,
851 491 878 562 l,
905 487 970 563 22.)
1018 484 1094 548 Loci
1119 489 1210 548 sunt:

187 585 273 666 XIV,
301 593 329 666 7,
357 594 393 652 5:
420 589 697 674 Theophilum...
723 591 923 656 multitudini
948 591 1040 656 dedit
1062 593 1100 656 tt
1121 591 1251 655 assidue
1279 588 1467 674 replicando

348 698 432 780 qnod
453 698 553 762 invito
577 705 705 763 rectore
730 699 837 762 nullus
861 720 955 782 egere
977 701 1099 784 poterit
1120 700 1218 763 victu.

186 800 272 880 XIV,
303 808 351 880 11,
379 809 414 867 6:
440 827 495 890 spe
519 813 628 870 tamen
651 807 735 890 qaod
758 828 831 870 eum
853 807 954 870 lenire
976 809 1100 892 poterit
1109 807 1134 891 1)

188 904 270 995 [XV,
298 915 326 989 5,
354 917 389 974 7:
428 913 613 978 testabatur
645 915 728 978 enim
758 915 795 979 11
818 936 851 978 11
874 914 988 998 procul
1013 913 1111 978 dubio
1141 915 1224 978 scire
1253 913 1352 998 qaod,
1383 912 1468 994 siqui

177 1005 180 1012 Α
346 1015 532 1083 mitteretirr
553 1026 718 1097 externus,
735 1071 740 1083 .
757 1071 763 1085 .
780 1072 785 1084 .
813 1021 962 1086 Silvanus
976 1073 982 1084 .
998 1072 1026 1086 ..
1054 1021 1223 1103 conposita
1248 1021 1333 1083 forte
1357 1021 1467 1084 tarbu-

346 1123 429 1209 biit)
476 1125 528 1210 (V.
554 1134 697 1190 ceterum
722 1125 761 1192 de
785 1128 942 1193 hocloco
967 1129 1056 1192 infra
1079 1149 1109 1210 p.
1136 1125 1206 1214 50)]

186 1229 271 1310 XIX,
291 1235 320 1310 9,
340 1237 374 1295 5:
400 1238 534 1316 accepta
544 1235 609 1315 1111
623 1236 715 1317 qaod,
732 1236 758 1298 si
771 1242 842 1300 tuto
858 1237 997 1316 licuerit,
1014 1241 1163 1320 sequebar
1179 1235 1349 1316 coniugem
1364 1231 1468 1297 libens

187 1339 272 1420 XIX,
301 1346 350 1419 ll,
377 1347 412 1405 7:
447 1341 749 1429 (aviditatem)....
781 1343 990 1409 adulatorum
1024 1343 1141 1407 cohors
1174 1339 1317 1423 augebat
1340 1341 1376 1404 111
1399 1339 1468 1403 sine
1556 1384 1560 1396 .

345 1447 442 1512 modo
467 1451 693 1532 strepentium,
717 1453 820 1536 qaod.
835 1503 864 1520 ..
889 1451 1087 1534 proletarios
1112 1449 1294 1515 1101111111
1310 1447 1419 1530 plures
1436 1450 1469 1510 et

346 1554 498 1620 tirocinia
521 1577 638 1640 cogere
658 1561 780 1642 poterii
802 1558 1010 1624 validissima.

184 1661 312 1740 XXIII,
351 1668 386 1741 5,
420 1668 475 1726 21:
510 1665 625 1744 sciens,
650 1668 741 1750 qaod,
766 1668 792 1730 si
817 1666 871 1755 (G,
897 1687 959 1731 om.
985 1666 1039 1752 V.)
1065 1663 1260 1728 remanserit
1283 1663 1465 1746 quisquam,

347 1771 484 1835 exsectis
508 1771 657 1837 cruribus
681 1775 885 1858 relinquetur

186 1875 302 1955 XXIV,
330 1882 358 1952 7,
385 1883 421 1941 5:
446 1885 645 1943 monstraret
660 1881 833 1963 perspicua
850 1881 980 1959 verItas,
1006 1879 1090 1964 qaod
1105 1929 1110 1941 .
1127 1927 1155 1940 ..
1182 1877 1224 1941 ad
1241 1898 1345 1959 aquas
1361 1875 1467 1940 redire

347 2005 411 2048 uon
433 1987 553 2069 poterit
576 1986 668 2051 miles

185 2088 285 2170 XXV,
312 2095 341 2168 2,
368 2097 401 2154 7:
426 2093 465 2156 id
486 2092 626 2157 relatum
649 2116 719 2159 esse
743 2098 975 2173 monstrantes,
999 2093 1145 2177 qaod...
1172 2090 1331 2155 committi
1347 2089 1467 2173 proeli-

345 2219 400 2261 um
424 2198 474 2262 vel
497 2200 602 2265 sImile
626 2202 802 2286 quicquam
826 2222 892 2266 nou
916 2202 1083 2287 oportebit.

184 2303 302 2384 XXVI,
328 2310 358 2385 4,
385 2311 419 2370 6;
445 2307 564 2371 iniuste
588 2308 752 2373 causando
776 2309 861 2394 qaod
884 2316 962 2393 post
983 2307 1113 2374 Joviaui
1130 2327 1318 2371 excessum.
1335 2356 1363 2373 ..
1389 2303 1470 2368 nihil

348 2412 479 2480 obstare
504 2417 631 2482 debebit

185 2519 284 2599 XXX,
314 2528 340 2601 1,
366 2528 404 2586 4;
434 2544 474 2587 ne
499 2521 574 2587 odio
597 2523 702 2588 Parae
725 2534 847 2605 speque
872 2530 965 2606 quod
982 2535 1175 2600 revertetur,
1201 2521 1311 2586 natio.
1328 2572 1356 2586 ..
1390 2519 1468 2587 defi-

346 2635 436 2695 ceret
458 2631 500 2694 ad
524 2631 597 2695 iura
621 2632 796 2695 Persarum

185 2735 284 2814 XXX,
313 2742 339 2815 1,
367 2743 424 2800 17:
450 2735 607 2802 addentes
623 2742 725 2821 qued.
740 2790 746 2802 .
760 2790 766 2804 .
781 2735 893 2801 tristes
911 2736 1157 2815 sollicitudines,
1184 2736 1210 2800 si
1233 2734 1286 2821 (G,
1304 2757 1366 2800 om.
1383 2735 1410 2800 V
1427 2734 1468 2822 A)

217 2872 219 2877 ·
345 2842 421 2908 huic
445 2844 593 2909 inrisioni
616 2844 823 2928 superfuerit,
851 2845 1014 2911 excitabit.

184 2948 283 3028 XXX,
311 2954 340 3028 5,
369 2955 425 3014 17:
451 2957 489 3040 ut
511 2975 603 3018 omen
629 2955 800 3037 colligeret,
824 2954 915 3034 qaod
935 2953 999 3017 olto
1024 2955 1185 3017 remeabit
1205 2951 1247 3015 ad
1272 2950 1396 3016 Gallias

183 3055 270 3136 XIX,
301 3064 350 3137 11,
370 3063 407 3123 i:
433 3061 561 3143 gemina
578 3061 836 3127 consideratione
851 3060 994 3125 alacrior
1010 3064 1098 3143 qued
1110 3059 1256 3144 expletus
1271 3058 1467 3143 praedarum

308 3245 310 3248 Ι
344 3168 513 3250 opimitate
549 3169 777 3234 exercitus...
813 3165 969 3232 similium
1004 3189 1061 3250 spe
1095 3166 1232 3232 fidenter
1265 3167 1297 3230 in
1331 3166 1464 3232 effectus
1580 3231 1582 3236 .

343 3275 547 3340 animabitur
570 3295 746 3360 prosperos

271 3378 330 3444 His
354 3380 509 3463 exemplis
532 3379 633 3448 liceat
657 3382 779 3448 addere

181 3485 281 3565 XXV,
307 3492 336 3566 8,
366 3492 418 3550 14:
444 3499 519 3567 spe.
536 3540 564 3555 ..
586 3491 767 3555 sustentari
783 3496 964 3573 potueruut
987 3492 1115 3574 exigua,
1140 3490 1201 3556 hao
1224 3491 1358 3570 scilicet,
1383 3497 1471 3576 queit

341 3594 430 3658 velut
458 3603 575 3680 suopte
608 3603 701 3662 motu
726 3596 776 3661 vel
800 3603 954 3662 exoratus
977 3619 1089 3661 eorum
1113 3597 1265 3682 precibus
1287 3599 1467 3682 imperator

340 3700 453 3766 eodem
478 3707 569 3766 statu
593 3706 749 3768 retinebit
771 3703 896 3768 urbem.

270 3809 474 3893 Quamquam
499 3811 584 3874 enim
617 3815 707 3892 qaod
730 3810 927 3892 particulam
959 3809 1031 3876 edd.
1063 3810 1141 3875 ui
1176 3811 1263 3876 solae
1293 3813 1464 3895 praebent,

178 3919 286 3979 tamen
311 3917 536 4000 recipiendum
561 3938 630 3981 esse
660 3917 866 3998 conceditur,
892 3940 967 3982 nam
990 3917 1131 4002 primum
1156 3927 1279 3984 certum
1306 3927 1355 3984 est
1378 3921 1464 4003 alqd.

215 4097 236 4164 ¹)
257 4100 288 4148 cf.
310 4101 493 4163 Kellerbauer,
521 4101 561 4150 BI.
582 4101 599 4149 f.
620 4101 645 4149 d.
665 4101 753 4163 bayer.
774 4099 897 4163 Gymnas.
918 4106 966 4148 cet.
986 4101 1015 4148 B.
1035 4102 1081 4163 IX,
1101 4119 1127 4168 p.
1147 4103 1191 4151 82:
1215 4109 1308 4165 poterit
1325 4104 1464 4167 legendum
1575 4123 1580 4132 ·

232 4200 235 4207 '
258 4204 313 4237 esse
327 4197 457 4240 monstrat
470 4207 519 4256 pro
533 4197 635 4253 poterat
647 4189 732 4248 codd,
751 4189 812 4237 Item
825 4188 894 4250 XVI,
915 4201 949 4250 12,
970 4202 1010 4250 14:
1025 4192 1127 4253 putabit
1144 4209 1192 4257 pro
1207 4196 1324 4254 pertavit:
1341 4211 1365 4243 v.
1379 4194 1463 4256 XXX,

257 4292 274 4339 1,
294 4292 322 4339 4:
344 4297 447 4346 spe...
468 4280 538 4345 quod
557 4283 706 4328 revertetur.

215 4363 238 4431 2)
259 4365 289 4415 V.
310 4368 469 4418 EhrIsmann
490 4368 508 4419 l.
528 4384 548 4416 c.
569 4382 630 4432 pag.
649 4377 690 4431 45.
