3270 4906
796 186 836 248 77

267 370 381 426 Tertio
404 372 480 425 loco
504 369 795 425 enumerabuntur
819 383 860 425 ea
884 369 1073 434 enuntiata,
1098 383 1185 438 quae
1209 370 1354 425 mixtam
1380 370 1452 438 pri·

179 495 314 536 morum
348 482 383 535 et
418 479 647 535 secundorum
681 483 895 548 temporum,
931 491 1009 531 cum
1036 476 1189 544 pendent
1219 490 1237 531 e
1265 477 1455 545 praeterito
1541 538 1545 551 ,

177 592 344 655 tempore,
369 586 647 642 consecutionem
669 586 816 655 habent;
840 598 924 661 quae
948 582 1039 640 sunt:

177 686 281 766 XVII,
307 690 337 766 3,
363 689 398 748 5:
429 687 598 769 rescripsit
625 684 822 768 gratandum
846 705 914 749 esse
938 684 965 747 si
988 683 1261 767 provincialis...
1286 682 1455 748 sollemnia

336 793 500 878 praebeat,
530 791 650 856 nedum
681 791 899 869 incrementa,
936 812 1021 875 quae
1044 791 1134 855 nulla
1164 790 1322 876 supplicia
1346 792 1456 875 egenis

336 905 466 984 possent
487 888 672 963 hominibus
697 904 900 982 extorquere.
1021 975 1025 982 ¹

268 1008 428 1091 Apertum
444 1012 493 1072 est
509 1006 682 1071 discrimen
698 1006 784 1070 inter
798 1008 992 1089 ,praebent‘
1008 1009 1041 1070 et
1052 1010 1234 1088 „possent“:
1256 1001 1458 1089 significatur

178 1113 343 1200 praesenti
366 1118 513 1196 tempore
537 1112 706 1177 sollemnia
722 1112 873 1197 praeberi
896 1133 1019 1192 revera,
1044 1113 1245 1178 incrementa
1269 1112 1340 1178 dari
1363 1133 1458 1196 posse

180 1241 313 1304 prorsus
335 1224 483 1304 negatur,
508 1224 545 1283 ut
567 1225 732 1304 „possent‘
755 1218 876 1285 habeat
899 1219 961 1283 vim
987 1218 1147 1284 irrealem.

180 1327 329 1406 XXVIII,
356 1331 385 1407 5,
410 1331 470 1391 481
495 1329 583 1394 oisns
600 1333 645 1393 cst
660 1328 789 1392 Firmus
807 1379 813 1392 .
829 1378 835 1392 .
849 1379 877 1394 ..
894 1328 1031 1407 hortari,
1050 1333 1088 1392 ut
1105 1329 1226 1393 dedunt
1241 1326 1459 1394 Theodosium

343 1485 432 1513 ....,
457 1435 484 1499 si
508 1433 749 1506 discriminibus
772 1435 870 1499 eximi
886 1429 1018 1514 1111111,
1043 1457 1126 1519 quae
1149 1435 1369 1520 perferebant.

269 1543 339 1609 Hoc
357 1545 517 1621 ,1111111ε
532 1543 694 1625 penituse
713 1563 853 1625 persona
868 1543 968 1606 Firmi
993 1545 1150 1627 scriptum
1171 1564 1240 1608 esse
1263 1545 1327 1608 iam
1361 1565 1460 1626 supra

182 1651 409 1718 demonstrari.
440 1651 547 1734 Atque
563 1650 666 1715 multo
687 1650 929 1716 accomodatius
953 1650 995 1714 ad
1018 1651 1114 1714 huius
1138 1652 1185 1716 rei
1209 1651 1460 1734 descriptionem

180 1765 307 1844 tempus
330 1779 484 1842 praesens
508 1764 557 1824 cst
581 1780 678 1840 quam
701 1758 936 1841 imperfectum.
985 1757 1064 1822 Cum
1089 1759 1173 1822 enim
1197 1757 1320 1822 verbis:
1351 1758 1460 1837 „visus

181 1876 231 1932 ost
246 1867 388 1943 Firmus,
422 1886 504 1949 equo
529 1864 657 1930 celsiori
680 1864 839 1946 insidens,
870 1887 946 1950 sago
978 1867 1115 1950 puniceo
1146 1865 1329 1950 porrectius
1358 1887 1460 1949 panso

181 1974 299 2038 milites
329 1972 524 2038 clamoribus
553 1973 679 2055 magnis
710 1971 857 2037 11011111α
889 1973 1029 2057 scriptor
1060 1993 1119 2037 nos
1148 1971 1249 2037 faciat
1276 1977 1461 2055 spectantes

181 2084 290 2166 ipsum
313 2081 458 2145 Firmum
481 2087 648 2164 tamquam
671 2079 888 2163 prodeuntem
911 2081 944 2144 in
967 2102 1112 2160 scenam,
1144 2080 1242 2145 etiam
1274 2079 1461 2163 loquentem

182 2191 289 2273 ipsum
312 2194 349 2253 ut
376 2187 546 2253 audiamus
569 2187 669 2252 faciat
692 2189 833 2270 scriptor
857 2193 997 2271 oportet,
1022 2186 1057 2252 id
1080 2186 1168 2272 quod
1191 2188 1356 2269 praesenti
1380 2193 1461 2252 tern-

183 2317 263 2380 pore
287 2295 423 2362 efficitur
446 2302 617 2380 usurpato.

183 2403 290 2480 XVII,
325 2409 378 2485 10,
409 2409 444 2468 41
478 2405 619 2489 (pacem)
644 2402 705 2467 sub
729 2401 791 2467 hac
814 2405 934 2469 inaruit
956 2403 1044 2488 lege,
1069 2410 1109 2468 ut
1136 2403 1281 2487 captivos
1312 2403 1463 2468 redderet

340 2517 469 2576 nostros
493 2518 536 2592 et,
569 2511 720 2594 quotiens
743 2512 787 2574 sit
808 2531 955 2590 necesse,
987 2511 1146 2576 militibus
1181 2511 1336 2576 alimenta
1367 2533 1462 2594 prae-

343 2617 436 2682 beret
526 2638 550 2682 .:
576 2636 657 2700 quas
689 2616 716 2680 si
746 2636 810 2680 non
838 2621 1026 2685 ostendisset
1050 2619 1084 2682 in
1111 2624 1270 2702 tempore,
1302 2621 1400 2685 sciret
1427 2641 1462 2685 se

341 2744 454 2787 rursus
478 2722 591 2788 eadem
618 2721 823 2807 fatigandum

182 2829 303 2910 XVIII,
329 2833 358 2909 2,
385 2834 420 2892 3:
444 2829 479 2894 id
502 2879 573 2894 ....
601 2832 697 2895 111111
710 2829 918 2913 implendum,
944 2838 982 2896 ut
997 2885 1003 2898 .
1019 2885 1026 2897 .
1040 2885 1047 2898 .
1063 2882 1069 2896 .
1095 2832 1244 2898 civitates
1265 2834 1367 2898 multo
1383 2840 1461 2898 ante

344 2937 468 3001 excisas
491 2938 642 3003 introiret
663 2944 876 3021 receptasque
900 2942 1109 3018 1111111111,
1133 2939 1252 3006 horrea
1270 2942 1461 3025 quinetiam

345 3049 508 3110 entrneret
529 3065 589 3128 pro
613 3045 762 3125 incensis,
787 3042 849 3110 ubi
870 3045 964 3110 condi
981 3049 1088 3128 possit
1110 3069 1239 3112 annona

181 3149 302 3232 XVIII,
328 3155 357 3231 6,
377 3155 412 3215 3:
435 3152 564 3236 picenit
580 3208 586 3220 .
602 3204 607 3216 .
623 3204 629 3217 .
645 3204 652 3218 .
669 3157 706 3216 ut
723 3204 730 3218 .
745 3204 751 3219 .
768 3208 775 3221 .
791 3208 796 3219 .
812 3161 1077 3238 perrnnperctnr
1095 3153 1279 3239 Euphrates
1291 3157 1460 3240 irctnrqne

341 3280 484 3343 prorsus,
517 3265 555 3325 ut
579 3261 731 3345 occupari
753 3267 881 3345 possint
902 3263 1088 3345 provinciae

183 3363 268 3443 XIX,
294 3369 323 3446 9,
348 3372 385 3430 4:
410 3366 604 3432 familiarem
628 3390 722 3434 suum
841 3369 1143 3435 dintisitmandatis
1167 3371 1360 3454 arcanisque
1376 3371 1462 3436 vitae

341 3474 526 3539 secretioris
553 3477 707 3540 maritum
739 3498 877 3542 exorans
908 3483 946 3542 ut
972 3476 1108 3556 audItis,
1144 3499 1227 3562 quae
1258 3480 1462 3563 1111191111,

340 3582 464 3645 veniret
487 3602 596 3646 secum
619 3581 716 3647 beate
740 3583 893 3651 victurus.

180 3685 278 3765 XXV,
304 3689 334 3765 8,
371 3691 427 3752 12:
459 3690 582 3755 insanin
605 3695 655 3755 est
776 3691 933 3756 extollere
957 3692 1072 3756 seriem
1096 3697 1261 3776 gestorum
1285 3694 1318 3757 in
1344 3694 1461 3758 melius

340 3800 372 3859 et
395 3816 541 3861 rumores
560 3818 692 3881 quaqua
713 3800 800 3864 irent
812 3799 918 3864 verbis
932 3797 1115 3865 diffundere
1128 3801 1372 3866 concinentibus
1387 3857 1393 3870 .
1408 3853 1415 3867 .
1430 3852 1437 3866 .
1454 3854 1461 3868 .

341 3903 550 3987 omniumque
574 3905 742 3970 sententiis
766 3906 925 3971 occultius
949 3907 1122 3972 sciscitatis
1146 3929 1290 3974 remeare
1308 3910 1462 3976 velociter

343 3995 416 4075 cum
440 4012 614 4094 responsis,
640 4017 677 4076 ut
701 4019 856 4097 conperto
880 4012 958 4096 quid
982 4014 1015 4078 in
1031 4015 1215 4099 longinquis
1233 4023 1361 4101 npctnr,

338 4119 472 4184 consilia
495 4124 707 4204 qneercntnr.

268 4221 312 4288 In
335 4229 479 4292 omnibns
500 4228 553 4293 bis
575 4229 594 4290 5
620 4228 774 4311 encrnpiis
796 4228 1003 4307 Arnrnicnns,
1034 4235 1072 4294 11
1098 4231 1220 4295 Graeci
1240 4233 1455 4316 praeteritum

181 4334 302 4414 ternpns
330 4337 520 4400 antecedens
549 4336 640 4400 band
668 4358 744 4402 iuro
765 4357 825 4422 pro
849 4340 990 4421 optativo
1014 4339 1253 4404 coninnetinrnn
1276 4345 1458 4422 scqnentcnn
