3282 4918
805 215 848 280 68

232 422 234 433 ·
275 391 406 456 Transit
429 390 534 456 oratio
559 367 599 455 eir
622 389 756 474 obliqua
779 391 884 456 forma
908 392 941 454 in
965 396 1088 454 rectam
1111 411 1270 475 personae

346 497 382 584 b)
407 506 481 562 eius
505 505 565 571 qui
589 505 684 562 dicit.

184 623 270 702 xlx,
291 633 341 703 11,
362 605 798 709 711—5-30-3xir1114‚4121⁹{;
821 605 1111 710 xxv‚4,3u{⁹;
1137 620 1236 702 xxv,
1256 603 1447 708 10,711{};

185 737 283 819 xxx,
309 748 338 819 s,
365 749 383 806 s
409 739 440 803 11
457 720 512 826 rga
537 739 653 818 xxxi,
682 749 733 820 11,
759 721 893 824 211232

274 960 465 1027 Coniunctio
482 968 514 1027 et
530 962 676 1028 confusio
693 961 855 1047 quaedam
871 961 1010 1027 duorum
1032 962 1161 1028 dicendi
1177 985 1341 1047 generum,
1354 969 1464 1028 rectae

186 1071 220 1132 et
242 1066 395 1152 obliquae
419 1069 585 1150 orationis,
611 1070 771 1135 cernitur:

184 1174 284 1257 XXX,
311 1180 340 1254 2,
366 1181 401 1240 4:
434 1176 614 1261 (Victorem
645 1182 678 1243 et
701 1171 900 1262 Urbicium)'
918 1177 966 1241 ire
1000 1197 1139 1261 propere
1162 1177 1258 1241 iussit
1280 1176 1313 1240 in
1336 1177 1463 1258 Persas,

346 1305 557 1369 responsum.
576 1336 603 1351 ..
627 1284 844 1369 perferentes:
870 1284 957 1367 quod
973 1306 1080 1351 rex...
1105 1283 1240 1350 sceleste
1257 1285 1465 1368 concupiscat

344 1395 550 1460 Armeniam.
565 1447 571 1460 .
585 1416 609 1461 .:
633 1377 695 1461 sed
712 1396 750 1460 ni
759 1397 955 1461 Sauromaci
960 1395 1137 1475 praeradia
1153 1395 1293 1458 militum
1310 1395 1464 1474 rupertum

338 1505 499 1584 preputio
533 1505 693 1587 sequentis
717 1506 810 1582 anui,
844 1516 880 1569 ut
911 1505 1103 1594 dz'sposz'tum
1138 1515 1200 1582 est,
1234 1503 1460 1583 uzpraepedz'ta

342 1612 554 1688 reverterim,
583 1613 704 1676 cupitus
739 1635 779 1676 ea
813 1613 978 1691 couplebz't,
1007 1631 1089 1693 quae
1119 1620 1228 1690 sponte
1263 1631 1324 1673 sua
1349 1611 1459 1690 facere

343 1721 532 1799 supersedit.
1290 1795 1293 1798 ,

271 1823 385 1908 Neque
415 1826 501 1890 enim
532 1831 582 1890 est
605 1847 633 1891 o.
665 1825 799 1911 obliqua
825 1831 959 1910 propter
982 1825 1230 1900 indicativorum
1253 1845 1348 1888 usum
1370 1843 1465 1907 prae-

187 1932 299 1996 sertim
321 1933 355 1996 in
378 1933 535 2016 primaria
558 1937 728 2015 sententia,
752 1955 858 2019 neque
880 1933 1009 2016 penitus
1033 1953 1060 1997 o.
1085 1939 1175 1997 recta
1190 1938 1325 2015 propter
1347 1930 1466 1994 tertiae

184 2060 342 2122 personae
366 2043 621 2125 usurpationem,
647 2042 738 2107 cuius
761 2041 834 2106 loco
858 2040 962 2106 altera
986 2063 1054 2107 esse
1079 2040 1222 2119 deberet,
1247 2039 1274 2104 si
1290 2041 1373 2104 esset
1388 2057 1416 2102 o.
1434 2058 1460 2100 r.

185 2145 322 2211 Videtur
352 2149 436 2211 enim
466 2148 520 2213 hic
551 2170 679 2233 quoque
702 2147 892 2214 Ammianus
922 2170 1014 2215 suam
1038 2171 1111 2214 oum
1135 2168 1247 2214 eorum
1272 2146 1327 2229 qui
1349 2143 1464 2208 dicunt

183 2255 331 2337 personis
355 2254 549 2321 confudisse.
603 2255 697 2334 Quod
722 2277 794 2322 oum
818 2255 929 2321 multis
953 2257 1026 2322 aliis
1049 2254 1128 2320 locis
1151 2254 1274 2319 factum
1299 2272 1368 2316 esse
1390 2255 1462 2313 tum

183 2361 224 2426 iis
247 2363 452 2446 potissimum
484 2365 705 2446 cognoscitur,
738 2363 857 2447 quibus
889 2363 932 2429 ad
961 2359 1223 2445 interpretandae
1254 2380 1307 2424 ros
1335 2358 1368 2421 in
1391 2378 1464 2422 sen-

183 2471 294 2534 tentiis
310 2469 510 2536 secundariis
526 2470 648 2550 multia
665 2492 740 2536 cum
755 2471 915 2556 generalis
927 2473 969 2536 sit
985 2491 1096 2535 earum
1112 2489 1234 2544 sensus,
1251 2466 1463 2531 indicativum

183 2573 330 2641 adhibet.

209 2768 211 2774 ¹
272 2684 377 2749 Huius
400 2683 487 2749 modi
511 2684 574 2749 loci
598 2690 689 2749 sunt:

182 2817 284 2893 nvn,
310 2827 327 2883 τ
355 2828 394 2884 12
419 2801 501 2905 1¹30&
533 2817 635 2894 xxii,
663 2827 702 2885 15
728 2828 746 2884 5
772 2802 848 2905 1²-{⁷;
876 2828 924 2893 15,
950 2829 969 2885 e
994 2803 1069 2905 1²33&
1094 2818 1214 2893 xxur,
1240 2826 1268 2892 5,
1295 2827 1334 2882 14
1360 2803 1442 2904 1³2¹?-

271 2955 352 3018 Anu.
388 2951 460 3017 Uno
477 2951 550 3017 loco
566 2973 631 3016 non
644 2929 751 3018 audeo
775 2953 967 3037 disceptare,
991 2960 1101 3018 utrum
1125 2952 1293 3034 scriptoris
1318 2951 1361 3016 sit
1385 2971 1460 3016 con-

183 3058 330 3123 tinuatae
354 3059 511 3124 orationis
535 3080 611 3141 pars
635 3061 797 3143 posterior
821 3082 863 3125 an
887 3061 955 3125 eius
980 3061 1036 3145 qui
1059 3059 1148 3141 dicit,
1174 3079 1373 3142 quamquam
1389 3063 1457 3124 arte

96 3233 98 3236 ,
183 3167 356 3232 coniuncta
380 3173 429 3231 est
453 3187 525 3231 cum
549 3165 659 3249 priore
681 3172 790 3249 parte;
815 3167 869 3232 hic
894 3173 961 3232 est:

182 3273 302 3355 XVIII,
336 3280 364 3354 5,
396 3279 431 3338 7:
462 3272 863 3358 replicabat,...'Persas
892 3274 1036 3340 nondum
1066 3273 1222 3339 Edessam
1253 3296 1312 3339 nec
1345 3281 1461 3359 pontes

343 3381 521 3465 Euphratis
545 3381 700 3466 tetigisse.
715 3383 869 3461 victores,
903 3406 1037 3467 quos...
1063 3384 1110 3446 ita
1133 3384 1290 3448 dz‘lulusse
1314 3386 1465 3448 decuerat

343 3513 414 3554 rem
438 3501 470 3554 et
491 3491 639 3554 maxime
663 3514 698 3554 eo
715 3501 864 3569 tempore,
887 3513 948 3572 quo
969 3491 1132 3554 dritturm's
1148 3493 1304 3556 bellorum
1322 3492 1461 3554 czbz'lzuru

343 3601 480 3663 motibus
503 3601 640 3682 sungru's
663 3601 825 3682 utrimque
848 3600 993 3663 Rouzuuz‘
1012 3598 1139 3663 roboris
1153 3599 1367 3677 fundebatur.
1486 3583 1489 3590 Α

273 3811 495 3895 Respicientes
527 3833 582 3892 ea,
616 3833 699 3896 quae
731 3811 838 3876 adhuc
868 3811 907 3876 de
936 3811 1104 3877 indicativi
1126 3811 1213 3875 modi
1237 3811 1271 3875 in
1296 3833 1323 3874 o.
1350 3832 1377 3876 o.
1400 3829 1462 3872 usu

183 3920 331 4002 exposita
355 3926 431 3983 sunt
455 3919 677 3985 concludimus
694 3922 845 3999 primum
863 3921 1067 3984 Ammianum
1082 3920 1275 4004 plerumque
1291 3923 1322 3982 in
1349 3917 1462 3982 iisdem

183 4029 288 4091 causis
313 4026 432 4111 quibus
454 4029 579 4111 priores
603 4030 778 4112 scriptores
802 4051 896 4093 usum
921 4050 989 4094 esse
1012 4027 1187 4093 indicativo
1211 4027 1258 4090 ita
1281 4032 1400 4106 tamen,
1426 4031 1462 4089 ut

182 4133 266 4198 hanc
289 4134 455 4200 licentiam
478 4135 616 4219 amplius
641 4134 797 4201 dilataret
819 4135 986 4218 multoque
1011 4135 1155 4199 crebrius
1179 4135 1212 4197 in
1243 4155 1336 4197 usum
1368 4155 1466 4197 suum·

182 4249 395 4323 converteret,
421 4245 536 4307 derude
559 4265 631 4308 eum
650 4242 848 4309 Graecorum
873 4249 906 4306 et
921 4241 1011 4304 illam
1027 4240 1217 4306 facilitatem
1233 4240 1423 4307 transeundi
1434 4239 1461 4326 ¹)

217 4474 239 4542 1)
259 4477 299 4525 De
319 4477 370 4526 hoc
389 4480 504 4544 priorum
524 4479 679 4542 scriptorum
700 4493 747 4527 usu
767 4495 790 4527 v.
811 4479 918 4528 Kilhner
939 4494 964 4542 p.
985 4478 1055 4541 1038,
1076 4481 1108 4530 A.
1129 4490 1151 4543 5.
