3282 4918
829 146 873 211 39

369 344 480 388 rerum
496 323 672 406 scriptores
690 330 722 389 et
744 326 776 389 in
799 325 934 408 singulis
951 324 1137 404 enuntiatis,
1161 332 1200 390 ut
1214 325 1347 405 XXVII,
1376 337 1425 404 11,
1454 332 1491 407 63

371 441 422 511 12,
447 435 483 510 3;
511 441 560 510 12,
587 436 604 495 5
626 435 698 511 cet,
724 436 756 497 et
771 433 805 496 in
821 431 1024 517 longioribus
1041 432 1316 511 enarrationibus,
1339 438 1377 498 ut
1392 434 1492 514 XXV,
1612 479 1615 496 .

371 549 421 617 10,
449 549 508 618 133
536 547 586 618 10,
614 547 669 619 1e;
696 547 726 617 o,
752 544 781 604 e.
1064 526 1068 534 ’
1352 549 1354 553 ·

296 646 496 730 Adiungitur
520 644 605 710 enim
629 644 712 712 haec
739 650 906 711 structura

310 756 345 841 a)
369 760 407 818 ut
425 752 513 836 apud
536 753 678 836 optimos
701 754 888 836 scriptores,
917 753 1040 819 verbis:
1065 755 1181 835 fertur,
1208 756 1280 834 diei,
1306 761 1492 841 memorari,

279 885 284 896 ·
367 859 491 942 audiri3
502 859 681 938 aestimari,
691 857 790 939 credi,
799 858 987 939 existimari,
1001 863 1127 944 putari3
1142 864 1299 943 nuntiari,
1313 865 1491 960 conperirI,

307 971 345 1057 b)
369 969 403 1034 id
419 968 508 1054 quod
528 968 567 1035 fit
582 969 668 1034 idem
685 968 774 1052 apud
789 967 989 1052 posteriores
1003 969 1190 1051 scriptores
1215 971 1341 1036 verbis:
1366 973 1493 1056 sperari

367 1077 483 1163 (XVII,
510 1086 540 1155 3,
568 1086 602 1156 13
630 1075 731 1155 XXX,
758 1085 808 1155 10,
837 1085 871 1155 1;
903 1096 931 1139 v.
955 1074 1084 1158 Drdger
1107 1075 1150 1156 II,
1175 1098 1206 1160 p.
1230 1080 1321 1164 455),
1345 1079 1492 1161 permitti

368 1183 510 1269 (Drager
525 1184 569 1263 Π,
593 1206 625 1267 p.
651 1185 732 1269 454)
756 1183 881 1248 firmari
896 1183 999 1262 XVII,
1027 1189 1056 1262 6,
1083 1187 1118 1263 33
1144 1183 1270 1278 adfirm.
1295 1185 1412 1265 XXXI,
1439 1194 1490 1266 12,

369 1300 427 1372 11;
460 1289 632 1377 iuveniri¹)
656 1289 755 1376 XXV,
786 1296 816 1371 9,
848 1295 884 1369 9;
918 1290 1057 1374 reperiri
1080 1289 1180 1370 XXX,
1207 1295 1236 1370 8,
1263 1303 1291 1356 1.
1339 1291 1491 1357 Ceterum

365 1395 486 1482 pen'det
509 1420 549 1463 ex
571 1397 776 1480 passivorum
797 1397 915 1476 horum
938 1397 1113 1463 verborum
1136 1397 1249 1463 formis
1266 1398 1490 1482 impersonali·
1604 1411 1613 1430 ·

366 1504 427 1571 bus
446 1505 534 1590 apud
551 1505 655 1571 Amm.
679 1526 808 1590 quoque
831 1546 872 1554 —
898 1506 1086 1590 saepissime
1102 1504 1136 1568 i'd
1152 1505 1240 1570 cerni
1257 1505 1344 1588 apud
1364 1506 1491 1590 priores

366 1613 543 1697 scriptores
567 1613 771 1678 demonstrat
788 1614 913 1696 Drtger
931 1613 972 1690 ll,
997 1635 1028 1696 p.
1054 1617 1117 1676 456
1142 1634 1213 1696 sqq.
1240 1651 1292 1692 -,
1318 1612 1374 1678 sed
1390 1614 1490 1678 raris-

365 1721 444 1785 sime
469 1743 527 1788 acc.
551 1746 572 1787 c.
596 1723 653 1802 ius.
677 1720 781 1806 (velut
803 1719 943 1800 XXVII,
974 1726 1009 1798 7,
1041 1722 1074 1805 8)
1107 1724 1140 1784 et
1171 1724 1260 1803 quod
1281 1721 1445 1804 particula
1468 1747 1489 1788 c.

364 1829 457 1894 indic.
474 1827 683 1893 coniunctum
699 1827 834 1913 (XXIII,
854 1831 883 1906 6,
902 1827 971 1913 24),
996 1825 1052 1891 sed
1068 1826 1146 1891 item
1162 1827 1270 1892 rarius
1285 1834 1489 1916 usurpatum.

294 1970 381 2035 Loco
404 1969 556 2035 infiniva
579 1992 605 2038 c.
628 1991 697 2036 acc.
721 1969 911 2036 Ammianus
944 1970 1132 2055 saepissime
1163 1971 1268 2036 utitur
1297 1972 1331 2036 in
1360 1971 1490 2038 confor-

202 2077 333 2144 mandis
357 2077 525 2144 sententiis
548 2077 712 2162 primariis
737 2077 945 2144 enuntiativis

264 2319 309 2374 11.
334 2317 507 2387 particula
530 2319 668 2386 „quod“
685 2334 772 2386 ,oum
795 2319 982 2378 indicativo
1004 2320 1061 2376 vel
1083 2319 1301 2378 coniunctivo
1323 2322 1425 2379 modo

758 2430 937 2494 sequente.

295 2577 436 2643 Multum
460 2580 526 2644 iam
552 2577 669 2644 dehac
685 2583 853 2644 structura
877 2579 1080 2665 disputatum
1097 2587 1156 2646 est.
1189 2581 1337 2646 Gont'erri
1352 2588 1490 2666 possunt

204 2707 289 2771 quae
321 2686 544 2752 disseruerunt
572 2692 705 2771 praeter
734 2687 816 2752 alios
840 2687 948 2772 Reisig
979 2693 999 2770 ξ
1032 2697 1093 2754 331
1127 2689 1216 2776 (cum
1240 2690 1354 2756 Haasii
1386 2692 1487 2778 ann),

203 2793 339 2860 Kiihner
361 2817 392 2878 p.
419 2799 500 2875 838,
533 2793 566 2874 f.,
591 2794 719 2878 Dr'ager
742 2816 773 2877 p.
800 2797 863 2857 229
889 2815 979 2878 sqq.,
1014 2793 1160 2878 Madvig,
1193 2817 1304 2879 opusc.
1328 2796 1419 2862 acad.
1443 2797 1487 2878 ΙΙ,
1616 2867 1618 2870 ,

203 2925 234 2986 p.
259 2907 322 2967 232
347 2924 430 2987 sqq.,
456 2903 575 2987 Zumpt
597 2907 617 2984 ξ
641 2908 716 2984 629,
740 2899 906 2989 Kbhlerl),
932 2900 1081 2966 Schmala
1105 2901 1127 2967 l.
1152 2924 1179 2968 c.
1204 2923 1235 2985 p.
1262 2908 1324 2968 337
1350 2925 1397 2987 sq.

291 3008 341 3076 De
357 3010 520 3074 Ammiani
534 3011 635 3095 ipsius
651 3009 835 3095 particulae
850 3013 976 3095 „queam
991 3030 1052 3073 usu
1069 3007 1322 3091 diligentissime,
1340 3009 1396 3074 sed
1412 3031 1488 3074 con-

202 3118 377 3185 fundentes
400 3125 524 3184 rectam
552 3124 586 3184 et
609 3118 775 3205 obliquam
806 3120 987 3185 orationem
1018 3115 1268 3197 disputaverunt
1290 3115 1489 3200 Kallenberg

202 3226 223 3292 l.
247 3248 275 3296 c.
299 3249 331 3311 p.
357 3231 375 3291 9
400 3248 470 3311 sqq.
495 3232 529 3292 et
551 3226 748 3292 Ehrismann
772 3226 793 3292 l.
819 3249 845 3292 c.
869 3248 900 3309 p.
926 3230 967 3288 66
992 3245 1062 3308 sqq.

293 3333 356 3399 Hic
379 3333 436 3417 qui
459 3329 551 3398 extat
573 3338 650 3418 post
672 3331 773 3398 verba
796 3331 958 3398 sentiendi
974 3337 1007 3395 et
1023 3329 1154 3395 dicendi
1168 3330 1349 3413 particulae
1365 3332 1489 3414 „quod‘

207 3463 285 3506 usus
310 3439 565 3524 diligentissime,
590 3461 789 3524 quamquam
812 3462 864 3506 res
890 3461 986 3524 saepe
1010 3437 1199 3502 difficillima
1222 3444 1272 3503 est
1295 3437 1487 3519 diiudicatu,

203 3546 421 3614 secernendus
445 3555 496 3612 est
518 3546 560 3611 ab
584 3546 652 3627 ille,
678 3569 744 3630 quo
768 3545 872 3632 (quod
889 3577 930 3602 =
947 3567 1012 3610 vas
1027 3543 1085 3624 des
1101 3543 1237 3622 betrifft,
1264 3544 1358 3610 dass.
1374 3597 1380 3610 .
1394 3596 1411 3625 .,
1429 3546 1488 3610 der

207 3654 377 3734 Umstand,
403 3652 526 3721 dese..
545 3704 570 3733 .,
595 3653 629 3719 in
643 3653 770 3719 Betreff
786 3654 909 3733 dessen,
936 3654 1011 3719 dass
1029 3704 1036 3718 .
1054 3703 1061 3716 .
1082 3703 1087 3717 .
1111 3675 1142 3717 u.
1160 3675 1184 3718 s.
1203 3653 1256 3741 vv.)
1273 3654 1361 3738 apud
1378 3675 1487 3721 omnes

204 3763 347 3826 omnium
370 3766 555 3843 temporum
579 3761 757 3844 scriptores
773 3783 830 3828 eae
847 3761 1029 3827 sententiae
1046 3759 1259 3826 secundariae
1275 3761 1486 3844 inducuntur,

204 3869 321 3952 quibus
353 3851 433 3953 quid
464 3868 631 3932 contineat
654 3868 788 3934 verbum
819 3868 951 3954 aliquod
982 3867 1177 3934 antecedens
1201 3869 1395 3952 exprimitur
1419 3871 1485 3937 sive

128 4001 132 4010 ’
205 3975 284 4040 illud
308 3981 359 4042 est
381 3975 620 4041 substantivum
643 3976 694 4042 vel
717 3998 896 4062 pronomen
920 3976 1210 4042 demonstrativum
1231 3984 1290 4042 aut
1304 3978 1485 4061 interroga-

241 4138 262 4208 ¹)
280 4143 383 4206 Drsger
402 4157 429 4206 p.
448 4151 500 4205 451.
520 4169 552 4178 —
572 4139 640 4204 Aug.
661 4143 710 4193 civ.
731 4142 773 4191 dei
793 4137 963 4207 (Dombart2)
984 4141 1021 4190 11:
1048 4158 1073 4206 p.
1095 4153 1156 4208 254;
1175 4143 1223 4203 26;
1241 4156 1293 4205 291,
1314 4154 1357 4208 25;
1377 4154 1433 4209 522,
1460 4143 1485 4195 8.

239 4229 262 4298 2)
282 4232 341 4282 Alb.
361 4230 470 4290 Kbhler,
490 4230 522 4279 de
542 4236 677 4280 auctorum
695 4233 760 4282 belli
780 4232 896 4282 Africani
916 4238 942 4280 et
960 4232 1024 4281 belli
1043 4232 1155 4296 Hispan¹
1167 4234 1229 4281 :nsis
1252 4232 1394 4295 latinitate,
1421 4232 1484 4284 diss.

281 4323 378 4387 inaug,
398 4320 527 4385 Erlangen
549 4319 615 4382 1877.
