3282 4918
663 95 875 242 2222,

220 322 373 402 Primam,
398 342 482 405 quae
505 319 636 400 dicitur,
660 342 833 404 personam
857 309 1023 406 significet
1046 315 1163 388 deinde

518 500 580 569 Ι3.
606 518 783 587 pronomen
810 500 849 588 is,
879 488 932 587 ea,
958 501 1002 572 id.

220 643 269 708 De
292 643 353 708 hoc
377 665 438 707 usu
463 643 543 707 dicit
565 643 718 726 Drueper
740 663 814 728 pag.
841 648 892 723 73,
918 649 938 722 ξ
961 649 1012 724 29,
1037 643 1076 710 b:
1102 645 1223 725 „Trotz
1249 644 1319 710 der
1349 666 1382 710 ο.
1412 667 1446 712 ο.

131 752 206 817 tritt
220 751 502 830 ausnahmsweise,
527 747 577 814 oft
590 749 676 813 wohl
691 749 750 814 der
767 749 990 815 Deutliohlreit
1005 750 1130 832 halber,
1156 751 1215 816 das
1231 749 1446 817 Pronomen

131 859 176 938 is,
212 858 354 924 seltener
388 856 444 923 ille
473 879 515 922 an
545 855 598 922 die
630 857 730 923 Stelle
760 855 817 922 des
850 856 1099 923 Reflexivums.“
1152 857 1258 923 Affert
1295 865 1443 942 septem

132 965 281 1050 exempla
305 964 494 1031 eCioerooe
518 970 650 1047 sumpta
675 1001 715 1011 —
741 985 824 1048 quae
848 964 969 1047 partim
994 964 1094 1029 dubia
1117 970 1194 1035 sunt
1217 966 1444 1032 auctoritate

131 1073 254 1158 partim
282 1072 410 1138 ratione
443 1078 534 1138 certa
564 1069 759 1156 explicanda
790 1075 867 1136 sunt
891 1109 932 1118 -
956 1069 1021 1136 duo
1054 1071 1171 1138 deinde
1201 1095 1218 1139 e
1247 1072 1439 1156 Sallusti0,

132 1181 228 1266 plura
251 1202 268 1245 e
294 1179 443 1259 Caesare,
477 1179 568 1245 Livio
592 1179 644 1259 (cf.
669 1178 822 1244 Kiihoast
844 1201 876 1263 p.
906 1184 966 1244 105
991 1177 1067 1265 sq.),
1101 1180 1225 1260 Tacito,
1255 1181 1442 1263 posterio-

131 1284 223 1352 ribus
246 1308 357 1352 rerum
380 1285 606 1370 scriptoribus.

223 1395 271 1458 De
296 1393 412 1460 eadem
434 1415 470 1458 rc
495 1394 565 1477 agit
588 1393 731 1458 Ke'tlener
747 1392 776 1456 ll
800 1415 831 1477 p.
849 1399 923 1472 447,
949 1399 968 1473 §
995 1399 1067 1472 117,
1094 1400 1122 1472 7,
1148 1393 1180 1474 b,
1206 1415 1279 1458 cum
1307 1394 1436 1461 docet:

135 1502 261 1583 „Wenn
292 1500 444 1585 folgende
480 1506 809 1584 zusammengesetzte
843 1500 955 1566 Sitne:
993 1499 1176 1584 abh‘angige
1208 1501 1434 1584 Frages'sttze‚

134 1609 316 1690 ut-Sitze,
353 1608 405 1674 die
430 1609 500 1673 eine
524 1608 763 1693 beabsichtigte
787 1609 947 1694 Wirlrnng
971 1608 1189 1690 ausdriiolren,
1215 1609 1433 1693 Folgesiitze,

134 1717 496 1801 Vergleichungssiitzc,
528 1714 698 1801 hypothet.
725 1715 838 1796 S'atze,
869 1716 949 1782 kurz
981 1716 1043 1782 alle
1075 1737 1134 1782 aus
1158 1715 1217 1782 der
1242 1717 1341 1784 Seele
1368 1718 1432 1785 des

135 1822 290 1909 Subjelrts
319 1825 364 1888 im
393 1824 594 1907 Hauptsatze
631 1824 934 1906 ausgesprocheoen
965 1823 1184 1904 Nebens'eitze,
1220 1846 1284 1888 von
1316 1827 1432 1892 einem

133 1930 278 1997 anderen
294 1931 390 1997 Satze
414 1927 578 2014 abhangig
602 1929 755 2013 gemacht
778 1930 917 2010 werden,
942 1951 977 1995 so
1002 1928 1077 1995 dass
1101 1930 1160 1995 der
1176 1931 1367 2015 Hauptsatz
1395 1935 1432 1998 in

134 2039 198 2104 den
228 2037 303 2104 dcc.
336 2061 362 2106 c.
394 2037 454 2102 Inf.
485 2037 564 2102 oder
594 2038 628 2101 in
659 2034 722 2102 deo
753 2037 846 2101 Koni.
879 2036 1059 2120 iibergeht,
1094 2059 1129 2103 so
1161 2037 1242 2102 wind
1275 2040 1329 2106 die
1364 2043 1431 2106 Be·

135 2146 273 2229 ziebung
296 2145 354 2211 aul
378 2145 436 2210 das
460 2144 599 2229 Subjekt
623 2143 727 2208 dieses
751 2143 972 2226 Hauptsatnes
997 2145 1198 2229 gewdhnlioh
1223 2146 1329 2212 durch
1366 2149 1432 2214 das

134 2254 317 2318 Pronomeu
340 2253 367 2317 is
392 2249 645 2336 ansgedriiclrt.“
1302 2263 1310 2272 “

223 2361 415 2445 Modoipe'es
440 2358 556 2425 deinde
579 2363 599 2440 ξ
622 2363 698 2437 490,
724 2380 740 2421 c
764 2358 856 2423 Anm.
883 2362 900 2422 3
926 2358 1121 2441 pronomina
1146 2361 1204 2440 „is,
1230 2359 1322 2425 eius“
1349 2362 1429 2428 loco

134 2491 196 2548 „se‚
219 2476 317 2535 seus‘
332 2469 366 2532 in
389 2467 559 2533 sententiis
582 2464 784 2530 secundariis
807 2466 992 2549 spectantia
1015 2465 1058 2530 ad
1082 2467 1265 2532 subiectum
1290 2476 1427 2534 sentcn-

134 2576 201 2640 tiae
224 2574 401 2659 primariae
425 2574 577 2656 usurpari
602 2571 788 2651 contendit,
819 2593 1017 2655 quamquam
1048 2575 1080 2637 in
1111 2573 1168 2640 illa
1200 2597 1357 2658 expressa
1383 2578 1428 2642 sit

137 2682 291 2767 cogitatio
322 2680 462 2745 subiecti
492 2677 673 2745 sententiae
704 2679 900 2761 primariae,
934 2683 967 2743 et
999 2678 1032 2743 id
1057 2679 1128 2744 ficri
1151 2681 1230 2746 locis
1254 2683 1425 2748 nonnullis

136 2790 332 2873 scriptorum
356 2788 533 2852 latinorum
558 2787 663 2850 minus
689 2785 862 2870 diligenter
885 2787 1030 2870 scriptis;
1056 2793 1092 2852 at
1113 2810 1281 2871 nunquam
1298 2788 1332 2853 id
1350 2790 1424 2877 fieri

135 2899 169 2962 in
193 2897 362 2964 enuntiato
386 2895 538 2960 infinitivi
563 2917 590 2964 c.
614 2916 681 2960 acc.
706 2898 875 2958 structura
898 2893 1025 2960 adnexo
1050 2896 1092 2982 ad
1125 2898 1321 2962 sententiam
1353 2899 1423 2983 pri·

136 3005 283 3070 moriam.

225 3112 466 3177 Anderssone'us
491 3109 630 3193 denique
654 3109 702 3174 ait
724 3131 756 3191 p.
783 3113 823 3172 27
848 3108 935 3173 idcm
960 3130 1033 3174 oum
1058 3112 1233 3194 praecipit:
1270 3112 1329 3193 „In
1363 3111 1423 3176 tali

137 3219 380 3286 constructione
403 3238 468 3282 acc.
486 3239 512 3281 o.
529 3216 586 3281 inf.
604 3218 633 3281 e's
656 3236 823 3299 nunquam
848 3215 1035 3295 adhibetur,
1062 3239 1146 3301 quse
1169 3219 1317 3301 proxime
1342 3241 1414 3302 pon·

138 3327 193 3392 det
217 3349 257 3392 ex
279 3325 379 3390 verbo
404 3323 532 3389 dicendi
555 3321 707 3410 ideoque
730 3323 836 3386 locum
874 3326 966 3387 tenet
995 3323 1173 3406 primariae
1205 3325 1419 3390 sentcntiae.“

225 3433 388 3497 Ammiani
412 3431 578 3515 exempla,
610 3451 694 3514 quac
716 3429 782 3494 huc
805 3431 983 3514 pertinent,
1014 3437 1184 3496 enumerat
1208 3432 1421 3496 Hassenstcin

136 3562 210 3625 pag.
225 3546 266 3604 30
290 3538 459 3622 complura
482 3544 571 3602 recte
595 3557 779 3601 memorans
802 3535 888 3600 hano
913 3536 1078 3601 licentiam
1102 3538 1191 3621 apud
1214 3538 1420 3603 Ammianum

136 3649 241 3712 minus
265 3647 382 3710 miram
405 3644 518 3724 videri,
552 3642 641 3727 quod
674 3664 712 3708 ea
743 3649 905 3725 congruat
935 3664 1008 3707 cum
1034 3643 1160 3710 Graeca
1191 3645 1320 3711 dicendi
1344 3668 1419 3709 con-

137 3755 318 3823 suetudine.

226 3864 351 3928 Extant
374 3862 475 3946 igitur
499 3861 580 3926 haec
605 3857 753 3943 exempla

239 3974 272 4054 a)
297 3973 335 4035 o'o
357 3971 527 4036 sententiis
551 3968 764 4033 casanatensis
789 3971 823 4032 et
847 3966 978 4050 quidem

347 4079 380 4164 u)
405 4098 425 4140 a
448 4076 612 4158 particula
635 4076 720 4157 quod
741 4074 984 4159 incipientibus,
1010 4081 1047 4140 ut

138 4184 224 4267 XIV,
252 4191 302 4266 11,
329 4191 363 4248 7:
389 4183 430 4248 ad
455 4182 517 4248 hoo
541 4204 640 4246 unum
672 4187 813 4248 mentem
837 4233 844 4249 .
870 4233 876 4248 .
903 4234 909 4246 .
935 4181 1114 4266 dirigebat,
1148 4181 1236 4266 quod
1261 4181 1419 4247 Constan-

299 4293 364 4357 tius
388 4294 506 4357 cuncta
522 4288 564 4354 ad
581 4312 672 4355 suam
689 4289 885 4355 sententiam
901 4288 1071 4355 conferens
1087 4309 1146 4354 nec
1163 4288 1418 4356 satisfactionem
