3282 4918
174 356 322 438 gularem
340 355 514 416 modorum
532 373 624 415 usum
642 357 892 416 coniunctiones
908 356 1117 434 sequentium
1141 354 1332 435 explicavit,
1358 356 1456 417 tertia

175 463 387 545 quaestiones
411 461 540 522 criticas
565 461 714 524 annexit.
751 461 834 522 Item
851 464 1033 543 separatim
1050 459 1092 522 de
1109 459 1175 523 alia
1190 461 1343 543 syntaxis
1360 472 1457 544 parte

174 569 355 632 novissimo
381 576 532 648 tempore
553 565 592 630 G.
609 561 834 631 Reirlhurdlus
856 567 997 649 scripsit,
1023 567 1064 630 de
1089 568 1372 648 praepositionum
1398 590 1456 631 usu

173 678 260 755 (diss.
287 679 405 756 inaug,
432 673 594 737 Cothonis
611 673 882 750 Anhaltinorum,
913 676 1022 758 1886).
1060 675 1136 755 Qua
1161 679 1193 737 in
1218 695 1254 737 re
1278 678 1455 739 tractanda

169 783 399 873 copiosissime
423 781 734 863 accuratissimeque
760 783 826 844 vim
843 783 1101 863 praepositionis
1117 802 1176 864 per
1194 785 1358 863 exposuit,
1384 783 1455 846 bre-

168 880 244 955 ¹vius
274 898 401 952 ceteras
431 888 696 969 praepositiones
728 889 930 970 perstrinxit.
977 891 1084 950 Recte
1118 889 1144 950 is
1175 910 1309 971 quoque
1342 900 1456 954 censet

106 1076 110 1092 .
172 997 286 1077 (Praei.
306 1016 381 1079 pag.
400 998 420 1058 6
436 1001 509 1076 sq),
531 996 564 1058 id
582 996 672 1077 quod
690 995 725 1058 C.
743 997 780 1064 F.
799 994 977 1058 Muellerus
994 995 1107 1057 docuit
1130 994 1304 1074 (Fleckeis
1318 997 1454 1078 Jahrbb.

175 1122 252 1186 107,
286 1126 361 1186 pag.
396 1105 482 1183 364).
530 1104 746 1167 Ammianum
777 1102 967 1178 „declinare
998 1110 1032 1163 et
1064 1101 1262 1183 coniugare“
1288 1103 1377 1165 haud
1410 1105 1453 1186 ig-

172 1233 317 1286 norasse,
343 1210 473 1291 longius
496 1209 622 1272 scilicet
645 1210 819 1272 recessisse
843 1230 863 1271 a
887 1209 976 1271 bona
1001 1207 1178 1283 latinitate,
1213 1230 1313 1290 quam
1338 1215 1456 1292 optimi

171 1324 349 1401 scriptores
374 1326 555 1400 argenteae
581 1337 667 1398 quae
692 1317 809 1380 dicitur
833 1316 1019 1379 litterarum
1049 1319 1179 1379 aetatis
1229 1317 1360 1380 Eodem
1389 1317 1457 1381 fere

174 1437 325 1508 tempore
349 1426 464 1501 altera,
491 1446 557 1506 qua
581 1424 751 1486 Ammiani
775 1425 928 1506 syntaxis
953 1433 1122 1499 tractatur,
1155 1426 1343 1487 dissertatio
1368 1425 1455 1489 foras

176 1534 255 1597 data
272 1543 339 1596 est:
363 1531 407 1596 H.
420 1531 648 1607 Ehrismunni,
666 1531 708 1594 de
725 1540 913 1612 temporum
930 1541 963 1594 et
981 1530 1154 1593 modorum
1171 1552 1230 1593 usu
1243 1532 1454 1608 AmmianeO,

171 1640 407 1723 Argentorati,
444 1641 537 1703 1886.
586 1638 681 1719 Quae
712 1658 787 1701 cum
819 1659 947 1701 summa
983 1637 1155 1720 diligentia
1188 1647 1221 1700 et
1245 1641 1456 1702 accuratione

173 1753 361 1829 conscripta
385 1751 436 1822 sit,
462 1746 639 1809 nonnullas
663 1767 714 1809 res
739 1749 836 1809 miras
862 1767 922 1808 nos
947 1748 1064 1819 docet,
1098 1767 1116 1807 e
1142 1746 1261 1827 quibus
1285 1748 1456 1828 complura

174 1856 347 1938 quaehuc
372 1859 541 1938 pertinent
563 1877 622 1917 suo
648 1856 794 1937 quidque
819 1856 893 1917 loco
912 1854 1047 1916 afferam
1072 1861 1115 1930 (v.
1135 1854 1235 1915 etiarn
1252 1875 1338 1934 quae
1356 1855 1456 1935 Opitz

175 1963 326 2026 exhibuit
358 1967 390 2025 in
426 1963 528 2025 libelli
564 1982 717 2037 censura,
754 1962 883 2025 Archiv
913 1960 961 2022 fiir
995 1961 1050 2023 lat.
1084 1960 1358 2042 Lexikographie
1390 1962 1457 2024 und

175 2070 394 2144 Grammatilr,
414 2070 608 2151 herausgeg.
627 2092 657 2132 v.
673 2068 831 2143 Wiillflin,
856 2069 909 2143 ΙΙΙ,
929 2071 1011 2147 581).
1048 2067 1135 2128 Nam
1153 2071 1231 2148 quin
1257 2087 1303 2130 or.
1321 2069 1457 2150 obliqua

174 2180 217 2241 ab
243 2199 283 2240 eo
308 2181 526 2259 attingeretur
551 2176 618 2238 fieri
636 2196 703 2238 non
721 2185 872 2258 poterat3
898 2177 957 2238 sed
974 2195 1048 2237 curn
1066 2184 1254 2258 temporum
1271 2177 1467 2239 modorum-'

176 2307 241 2367 que
257 2306 332 2348 usus
348 2307 378 2347 ο.
396 2279 509 2346 rectae
525 2293 559 2346 et
576 2284 733 2364 obliquae
756 2285 940 2364 promiscue
965 2292 1171 2359 tractaretur,
1198 2282 1323 2346 multae
1346 2295 1458 2348 autem

176 2393 262 2455 aliae
286 2392 377 2473 leges
402 2394 433 2454 in
451 2391 513 2454 hac
530 2392 761 2454 observandae
778 2393 854 2466 sint,
877 2395 1058 2473 separatim
1076 2392 1180 2453 visum
1203 2401 1254 2454 est
1270 2391 1456 2473 explorare,

178 2501 289 2580 quoad
305 2499 476 2589 Arnmnrpi
498 2521 571 2561 usus
596 2518 670 2560 cum
695 2499 804 2579 priore
829 2508 991 2580 congruat
1015 2508 1244 2580 quantumque
1268 2498 1311 2561 ab
1336 2519 1376 2560 co
1401 2499 1458 2561 ab·

177 2609 321 2670 horreat.
359 2608 411 2669 De
435 2606 511 2669 stilo
528 2606 698 2669 Ammiani
716 2605 991 2687 Kallenbergiani
1016 2605 1100 2667 illius
1125 2605 1228 2668 libelli
1253 2607 1358 2688 prima
1383 2627 1458 2688 pars

178 2714 369 2796 dignissima
394 2722 444 2775 est
469 2733 556 2795 quae
579 2714 779 2794 inspiciatur.

266 2822 323 2884 Ad
347 2819 379 2882 id
403 2826 510 2904 ipsum
534 2823 631 2903 igitur
655 2822 746 2902 quod
771 2822 848 2884 mihi
874 2825 1031 2904 proposui
1056 2821 1243 2903 adgredior.

638 3297 998 3517 ,gp-
