3282 4918
189 593 245 661 De
274 595 584 677 pronominibus
616 599 759 679 quibus
790 601 886 677 eius,
917 601 969 666 ad
998 618 1115 683 quem
1138 597 1266 664 oratio
1290 597 1471 674 habetur,

609 740 781 804 persona
806 725 1058 808 significatur.

278 892 329 960 Ad
351 895 438 961 hanc
459 917 633 980 personam
657 900 902 984 exprimendam
930 922 1040 966 omnes
1069 901 1131 967 viri
1159 900 1207 965 rei
1238 899 1472 984 grammaticae

188 1004 298 1088 periti,
328 1025 526 1089 quamquam
549 1006 583 1069 in
611 1007 745 1091 singulis
777 1009 874 1075 rebus
904 1011 991 1075 inter
1022 1031 1056 1075 se
1086 1007 1291 1090 discrepant,
1321 1004 1473 1070 adhiberi

190 1111 310 1176 docent
331 1112 473 1194 primum
489 1134 670 1197 pronomen
685 1117 751 1196 illc,
776 1123 808 1181 et
824 1116 858 1181 id
874 1116 1006 1201 quidem
1022 1114 1094 1182 fieri
1110 1117 1221 1194 solere,
1246 1113 1362 1180 deinde
1378 1134 1471 1197 pron.

189 1221 229 1298 is,
253 1218 340 1302 quod
361 1220 469 1284 rarius
484 1219 678 1287 inveniatur.
708 1223 755 1288 of.
772 1225 912 1290 Kithnar
928 1225 961 1288 II
976 1247 1008 1308 p.
1029 1229 1122 1302 1038,
1150 1225 1243 1288 Anm.
1261 1229 1295 1302 43
1320 1221 1472 1286 Ellendt·

190 1325 370 1410 Soyffert¹)
398 1329 414 1411 ᾗ
446 1332 527 1408 312,
559 1352 599 1392 nu
630 1335 664 1394 5:
712 1331 795 1408 „Die
820 1332 932 1396 zweite
955 1331 1079 1396 Person
1102 1329 1162 1394 der
1186 1351 1216 1394 o.
1239 1350 1266 1394 r.
1290 1326 1371 1392 wird
1394 1328 1415 1392 i.
1441 1327 1471 1393 d.

188 1455 218 1499 0.
243 1455 271 1498 o.
298 1433 499 1518 gewdhnlich
524 1433 628 1501 durch
651 1438 709 1502 illc
733 1436 969 1521 ausgedriickt,
1003 1437 1070 1504 bes.
1094 1458 1186 1503 wenn
1210 1437 1256 1502 sie
1280 1436 1395 1502 betont
1418 1435 1471 1514 ist,

188 1539 268 1607 oder
291 1541 375 1607 auch
400 1539 504 1606 durch
527 1544 565 1622 is,
589 1565 681 1608 wcnn
704 1545 750 1611 sio
774 1546 936 1610 unbetont
958 1547 1032 1613 ist«

277 1647 419 1714 Multum
454 1649 495 1714 ab
530 1650 594 1716 hac
628 1652 774 1735 priorum
810 1653 1007 1736 scriptorum
1044 1650 1278 1717 consuetudine
1314 1649 1476 1715 abhorret

190 1755 350 1820 Ammiani
372 1757 601 1840 pronominum
624 1759 887 1842 usurpandorum
910 1761 1007 1825 ratio.
1054 1758 1191 1824 Nomine
1220 1758 1354 1842 proprio
1386 1759 1472 1823 enim

190 1883 350 1947 nusquam
372 1865 490 1949 posito,
515 1864 620 1930 utitur

652 2048 674 2115 Ι.
701 2049 894 2133 pronomine
920 2046 1010 2135 ‚,is“‚

186 2186 221 2252 id
245 2186 334 2272 quod
358 2189 545 2271 saepissime
568 2188 616 2270 fit,
641 2189 829 2274 etquidem
892 2183 894 2188 ’

288 2296 323 2382 a)
347 2297 385 2360 irc
409 2297 589 2362 enuntiatis
611 2296 787 2379 infinitivis

455 2410 513 2467 aut
535 2405 668 2470 subiecti
689 2424 823 2470 munere
847 2404 1015 2488 fungente:

188 2509 273 2588 XIV,
301 2516 352 2591 11,
378 2516 435 2576 20:
468 2533 539 2577 conc
553 2511 637 2595 ‘post
659 2512 740 2578 haec
758 2511 839 2577 nihil
858 2533 1032 2596 passurum
1053 2511 1264 2591 confirmans3
1289 2512 1389 2576 ceteri
1409 2510 1472 2575 loci

349 2624 441 2684 sunt:
465 2618 586 2697 XVIII,
612 2624 641 2700 5,
667 2625 703 2700 6;
728 2619 814 2698 XIX,
844 2625 893 2699 12,
922 2626 976 2700 16;
1001 2618 1154 2696 XXVIII,
1180 2624 1207 2700 1,
1231 2623 1288 2698 37;
1399 2619 1449 2704 (4)

453 2732 512 2792 aut
535 2728 649 2794 obiecti
671 2728 779 2794 locum
802 2734 950 2793 tenente:

188 2833 272 2910 XIV,
301 2839 351 2914 11,
382 2839 438 2897 221
465 2833 630 2899 dictitanti
642 2886 649 2901 .
662 2886 669 2901 .
684 2886 690 2900 .
705 2856 777 2900 cum
799 2856 833 2900 se
856 2855 1049 2919 pernoram
1065 2855 1190 2900 menses
1207 2840 1301 2899 utero
1324 2838 1473 2915 portasse

347 2948 599 3025 praegnantem
624 2942 671 3007 sio
695 2943 810 3008 etiam:
847 2943 915 3020 XV,
942 2947 971 3021 5,
999 2947 1053 3022 16;
1078 2941 1164 3020 XIX,
1191 2947 1220 3022 9,
1247 2946 1281 3022 63
1306 2940 1393 3020 XIX,
1421 2947 1472 3022 12,

351 3054 407 3131 16;
438 3050 508 3129 XX,
532 3055 563 3128 4,
590 3055 647 3132 203
672 3051 793 3129 XXIII,
820 3056 850 3132 2,
874 3060 911 3133 4;
935 3049 1052 3128 XXVI,
1078 3055 1108 3131 6,
1136 3055 1191 3131 14;
1216 3049 1332 3127 XXIX,
1361 3055 1389 3130 l,
1415 3054 1471 3129 33;

349 3157 466 3235 XXIX,
493 3167 522 3241 5,
550 3164 640 3224 17..
710 3159 761 3248 (9)

289 3265 327 3354 b)
351 3269 389 3330 ia
417 3267 478 3344 cis,
510 3288 595 3349 quac
623 3268 794 3351 porticula
816 3269 940 3352 ‚,qdod“
964 3268 1067 3333 locam
1090 3269 1250 3334 obtinento
1273 3264 1335 3347 inf.
1359 3287 1382 3332 c.
1406 3285 1472 3330 ccc.

273 3454 276 3462 μ
351 3374 572 3454 indurandam
595 3395 679 3458 quae
703 3381 779 3440 sunt
803 3395 928 3440 omnes:

188 3480 274 3558 XIV,
305 3486 354 3560 11,
382 3486 437 3544 ll:
466 3480 602 3563 pellexit
625 3531 632 3546 .
659 3533 666 3547 .
691 3483 820 3567 saepius
844 3482 1033 3566 replicando
1058 3482 1147 3566 quod
1171 3532 1178 3546 .
1203 3533 1210 3547 .
1236 3532 1242 3546 .
1270 3503 1342 3547 eccm
1364 3479 1474 3546 videre

350 3585 454 3652 frater
476 3595 610 3671 cuperet
624 3587 784 3672 patruelis
800 3640 807 3657 .
825 3640 831 3654 .
848 3640 854 3655 .
873 3589 1155 3674 ‚participemque
1179 3610 1250 3654 corn
1273 3610 1351 3654 suae
1375 3588 1473 3652 maie·
1547 3641 1553 3654 .

350 3694 446 3758 statis
482 3692 693 3776 adscisceret3
731 3701 903 3779 praeterea
932 3695 1042 3773 XXII,
1075 3691 1114 3774 2,
1143 3701 1173 3775 1;
1211 3696 1332 3773 XXVI,
1368 3702 1401 3773 7,
1436 3699 1471 3775 93

350 3801 466 3880 XXXI,
500 3808 531 3882 4,
563 3809 593 3866 4.
1317 3804 1366 3890 (5)

295 3910 327 3998 c)
351 3911 389 3976 io
413 3931 447 3975 co
471 3911 648 3989 enuntiato,
672 3911 756 3996 qaod
777 3912 896 3996 incipc‘t
919 3933 940 3976 a
960 3931 1052 3995 pron.
1076 3911 1233 3976 relativo:

187 4017 258 4095 XV,
285 4023 315 4098 8,
342 4023 378 4083 2:
403 4018 484 4083 nihil
508 4039 577 4083 esse
601 4019 649 4083 ita
672 4040 824 4101 asperum
848 4019 1047 4098 dictitantes,
1072 4018 1161 4102 quod
1184 4023 1382 4102 praepotens
1404 4020 1474 4084 cios

350 4124 455 4190 virtus
479 4175 486 4188 .
512 4175 519 4192 .
544 4175 551 4188 .
579 4175 585 4188 .
610 4145 676 4188 non
700 4131 872 4208 superaret
896 4147 935 4192 ex
959 4146 1050 4190 more

225 4360 248 4427 ¹)
268 4361 499 4424 Ellendt-Seyffert,
520 4362 687 4412 Lateinische
708 4362 879 4426 Grammatilr,
900 4363 987 4412 Berlin
1008 4362 1080 4414 1880.
