3282 4918
803 181 846 247 26

285 359 321 446 d)
346 363 383 425 r'rr
407 383 450 440 eo,
474 363 559 446 quod
580 359 699 446 prendat
723 383 762 427 ca
784 362 954 447 purtr'culu
976 365 1069 440 „ut“.·

181 467 266 544 XIX,
295 474 345 549 11,
372 473 406 534 6:
432 469 613 535 exorabant
636 476 673 536 ut
698 521 705 534 .
731 521 737 535 .
764 520 770 534 .
797 521 803 535 .
830 469 1020 535 transmisso
1043 467 1176 534 flumine
1200 467 1242 532 ad
1268 489 1339 534 curu
1355 469 1481 534 venire
1607 549 1608 556 ἵ

340 576 609 658 permitterentur
688 617 690 622 -

175 763 177 766 Ι
270 681 463 747 summatim
487 682 588 767 igitur
610 683 717 749 altera
739 705 881 769 persona
905 689 1020 749 notata
1044 689 1095 750 est
1116 683 1308 767 pronomine
1333 684 1411 764 ,is“
1434 720 1480 730 -

179 787 286 853 vicies.
313 826 355 836 —-
378 788 504 855 Deinde
527 790 641 856 utitur.
1390 799 1393 806 “

583 955 616 1022 2.
643 952 842 1024 Pronomlne
868 951 990 1040 „lpse¹‘
1016 949 1067 1038 (4)

180 1108 223 1174 ad
245 1109 493 1195 significandam
517 1111 656 1178 alteram
679 1133 853 1197 personam
877 1117 911 1177 et
934 1112 1063 1197 quidem
1089 1133 1217 1196 semper
1241 1132 1312 1182 oum
1334 1113 1370 1176 oi
1393 1133 1479 1197 pro-

60 1285 63 1299 ,
179 1221 275 1302 pria,
299 1218 354 1302 qui
377 1219 441 1284 loci
465 1226 542 1285 sunt

179 1325 298 1403 XVIII,
325 1331 354 1407 3,
382 1331 416 1391 2:
454 1327 644 1412 (moritum)
669 1327 848 1406 obtentam,
880 1347 919 1391 ne
942 1331 1019 1410 post
1041 1325 1168 1390 obitum
1193 1325 1365 1392 Constanti
1391 1348 1477 1410 pro·
1609 1308 1610 1400 l

339 1434 553 1517 pinquantem
567 1435 600 1498 in
617 1435 790 1518 imperium
806 1437 875 1519 r'psc
891 1438 929 1498 ut
944 1433 1099 1516 sperabat
1114 1433 1285 1515 admissus,
1310 1433 1477 1517 despecta

341 1563 375 1606 se
398 1547 613 1624 anteponeret
636 1541 796 1607 Eusebiae
819 1543 1065 1607 matrimonium

179 1645 294 1725 XXIV,
320 1655 350 1729 4,
377 1653 435 1713 21:
461 1650 633 1714 nuntiatur
656 1652 848 1736 Imperatori
871 1702 877 1715 .
903 1701 910 1718 .
935 1700 942 1715 .
968 1702 975 1718 .
999 1650 1196 1735 legionarios
1219 1649 1362 1716 milItes.
1391 1700 1399 1716 .
1430 1701 1437 1717 .
1467 1704 1473 1717 .
1610 1694 1611 1772 p

337 1756 404 1820 ima
433 1762 622 1839 penetrasse
657 1755 961 1836 fundamentorum,
998 1756 1064 1821 iam
1096 1757 1123 1821 si
1153 1758 1223 1842 r'psc
1254 1757 1473 1842 disposuerit,

341 1884 495 1929 evasuros

179 1969 301 2050 XXVI,
335 1973 369 2051 6,
401 1975 435 2035 2:
472 1969 648 2036 mandarat
676 1969 841 2058 (Julianus
866 1970 1037 2057 Procopio)
1064 2021 1070 2036 .
1097 2023 1103 2037 .
1130 2023 1137 2037 .
1163 2023 1170 2036 .
1195 1972 1222 2036 si
1247 1971 1397 2039 subsidia
1421 1975 1473 2040 rei

338 2078 503 2144 Romanae
527 2080 690 2163 languisse
707 2080 870 2158 sensisset,
894 2079 1127 2163 imperatorem
1144 2081 1262 2165 ipsese
1278 2080 1474 2162 provideret

339 2185 430 2249 ocius
453 2187 636 2268 nuncupari

177 2289 286 2369 XXII,
322 2295 379 2369 15,
411 2297 467 2356 24:
505 2292 629 2359 Tullius
658 2295 801 2376 imperet
825 2292 952 2371 Sardis,
983 2297 1021 2357 ut
1050 2291 1090 2358 de
1122 2292 1250 2358 familie
1272 2292 1376 2358 nobili
1401 2297 1472 2380 r'psr'

337 2419 459 2484 quoque
483 2422 555 2465 curn
580 2402 668 2467 orbis
692 2407 857 2466 terrarum
881 2402 1079 2467 auctoritate
1102 2401 1265 2466 sentirent
1359 2471 1361 2474 ,

267 2505 340 2570 Nou
363 2509 521 2573 miramur
545 2510 632 2592 quod
656 2508 738 2573 illud
760 2511 849 2594 „lpse
864 2515 1015 2594 quoque“,
1038 2506 1078 2572 de
1095 2528 1159 2590 quo
1176 2507 1242 2570 iam
1258 2528 1358 2590 supra
1375 2508 1468 2592 (pag.

179 2615 234 2699 21)
259 2620 369 2679 actum
393 2621 452 2695 est,
476 2615 562 2680 idem
585 2617 749 2681 invenitur
772 2617 805 2680 in
829 2613 1042 2699 exprimenda
1063 2615 1171 2680 alteru
1200 2634 1357 2696 persona,
1391 2637 1468 2680 cum

177 2723 255 2785 insit
277 2723 311 2785 in
338 2743 376 2786 eo
408 2744 467 2804 per
496 2745 530 2788 se
561 2723 755 2809 significatio
788 2745 853 2788 non
883 2744 1055 2806 personae,
1086 2720 1144 2788 sed
1176 2721 1468 2804 aequiparationis.

178 2828 295 2912 Itaque
318 2830 351 2892 in
375 2830 474 2894 tertia
498 2852 628 2914 quoque
652 2853 793 2915 persona
816 2830 961 2896 notanda
985 2829 1120 2913 legitur,
1150 2835 1188 2893 ut
1211 2827 1331 2907 XVIII,
1366 2833 1394 2908 2,
1432 2834 1466 2910 13

178 2935 295 3015 XXIX,
326 2943 353 3017 l,
379 2942 430 3002 33.

268 3043 413 3128 Denique
440 3066 512 3109 cum
536 3047 727 3129 pronomine
750 3048 835 3131 ipse,
871 3067 935 3110 non
966 3045 1118 3128 adposita
1144 3041 1308 3126 particula
1331 3064 1465 3128 quoquc,

177 3151 276 3214 tertia
299 3173 442 3235 persona
468 3151 679 3236 significetur,
712 3160 750 3244 ut
780 3153 901 3231 XXIX,
938 3159 968 3232 l,
1000 3157 1058 3215 42:
1102 3149 1328 3232 „insimulatus
1357 3201 1363 3215 .
1390 3202 1396 3216 .
1423 3202 1430 3216 .
1457 3205 1465 3220 .

176 3256 377 3339 praedixisse
394 3260 596 3326 consultores
613 3263 698 3345 Ipsos
714 3261 882 3343 suppliciis
895 3259 1087 3343 poenalibus
1101 3259 1298 3342 perituros“,
1317 3256 1465 3323 dubitari

176 3365 308 3430 miuime
331 3372 449 3449 potest,
476 3368 554 3449 quin
578 3367 714 3450 simplex
740 3387 899 3450 personae
922 3367 1048 3430 notatio
1072 3366 1141 3429 sinc
1164 3365 1288 3429 maiore
1308 3366 1338 3429 vi
1354 3364 1465 3460 altena

178 3473 220 3538 sit
244 3473 287 3538 ab
313 3473 474 3540 Ammiani
498 3475 594 3539 huius
617 3476 819 3558 pronominis
843 3474 1067 3558 usurpatione.

268 3580 379 3646 Altera
404 3588 512 3647 autem
536 3603 678 3667 persona
701 3583 895 3666 exprimitur
918 3602 1017 3664 porro

621 3763 655 3832 3.
681 3761 876 3849 pronomine
901 3759 1020 3847 „llle“.

268 3904 361 3981 Quod
396 3926 576 3989 pronomen
612 3926 685 3970 cum
720 3904 925 3988 grammatici
960 3905 1143 3989 exprImere
1175 3903 1231 3968 alii
1258 3924 1371 3986 posse,
1407 3903 1464 3968 alii

178 4012 315 4093 debere,
347 4013 482 4097 plurimi
506 4012 649 4097 sole1·e¹)
673 4012 879 4096 praecipiant
901 4033 1074 4096 personam
1098 4013 1177 4090 eius,
1207 4009 1249 4074 ad
1273 4032 1368 4093 quern
1391 4010 1464 4096 quis

86 4189 88 4196 ,
178 4122 359 4187 orationem
383 4121 493 4200 habet,
519 4121 658 4185 maxime
682 4120 801 4184 mirum
825 4127 875 4185 est
897 4121 960 4185 hoc
976 4120 1075 4186 semel
1091 4121 1217 4183 lantum
1236 4117 1325 4200 apud
1343 4118 1463 4183 Ammi-

215 4286 401 4354 ¹)Euglmann
422 4285 438 4351 ξ
458 4285 519 4347 287,
547 4287 622 4336 Anus,
643 4300 660 4336 1.
698 4286 850 4334 Andersson
870 4302 896 4349 p.
916 4299 950 4348 31,
971 4301 1031 4335 ann.
1052 4296 1076 4335 2.
1114 4281 1338 4348 Ellendt-Seyffert
1357 4301 1383 4348 p.
1403 4294 1460 4344 270,

252 4379 325 4426 llum.
346 4389 370 4424 2.
