3282 4918
195 1548 231 1602 ²*
262 1608 263 1611 =
289 1608 290 1611 =
349 1569 465 1652 peritis
481 1568 521 1633 de
539 1568 697 1634 orationis
714 1567 868 1651 obliquae
885 1567 1186 1652 circumscriptione
1202 1569 1361 1652 prolatae.
1386 1567 1467 1633 Cum

181 1673 246 1754 alii,
271 1679 310 1738 ut
331 1673 466 1758 exponit
485 1673 522 1738 G.
541 1673 814 1760 Anderssonius1)
837 1695 912 1758 pag.
941 1679 977 1736 ll
1004 1696 1079 1754 ann,
1105 1680 1134 1756 2,
1159 1675 1202 1740 ad
1227 1697 1299 1740 eam
1323 1676 1469 1740 referant

181 1783 359 1847 sententias
391 1787 425 1846 et
456 1801 495 1848 ex
527 1781 655 1848 dicendi
683 1789 779 1846 etex
803 1779 964 1846 sentiendi
988 1781 1096 1847 verbis
1120 1803 1294 1867 suspensas
1319 1783 1348 1848 ei
1371 1782 1467 1847 simul

179 1888 375 1955 subicientes
399 1910 526 1954 omnem
550 1889 675 1955 alienae
700 1889 907 1974 cogitationis
930 1888 980 1954 vel
1002 1911 1098 1969 sace,
1128 1912 1227 1975 quam
1258 1893 1334 1976 qais
1356 1891 1465 1976 priore

179 2003 326 2080 tempore
356 2019 390 2062 se
413 1995 568 2062 habuisse
592 1996 672 2062 dicit
695 2036 738 2045 —
762 1997 805 2062 sit
828 1995 975 2080 exemplo
1000 1997 1180 2062 sententia:
1204 1997 1400 2077 metuebam,
1426 2019 1467 2062 ne
1567 2044 1574 2058 „

178 2104 249 2188 ipse
273 2103 423 2169 omnibus
446 2103 546 2170 rebus
569 2103 758 2190 indigerem,
784 2111 959 2189 postquam
975 2104 1009 2168 in
1023 2104 1174 2170 iuvandis
1190 2105 1264 2170 aliis
1280 2104 1467 2170 hominibus

178 2232 284 2276 meam
308 2233 377 2276 rem
401 2209 595 2277 familiarem
627 2211 870 2278 collocavissem
901 2250 944 2260 —
975 2212 1176 2276 notationem
1207 2212 1465 2296 grammaticam,

178 2319 268 2384 nullo
297 2319 514 2403 praecedente
542 2326 601 2385 aut
631 2341 783 2403 expresso
814 2327 872 2386 aut
902 2320 998 2386 facile
1021 2320 1187 2387 intellecto
1212 2321 1311 2387 verbo
1336 2321 1465 2387 dicendi

177 2426 229 2492 vel
260 2427 437 2515 sentiendi,
468 2433 569 2511 atquc
600 2425 699 2508 adeo,
732 2432 769 2492 ut
791 2426 989 2513 Reisigius²)
1020 2427 1055 2513 (ξ
1087 2432 1150 2491 328
1182 2449 1255 2511 pag.
1289 2433 1352 2493 489
1383 2436 1466 2513 sqq.)

177 2533 452 2616 interrogationes
476 2554 558 2618 quas
582 2533 697 2600 dicunt
718 2533 896 2600 indirectas
920 2535 1050 2599 nominc
1075 2556 1103 2599 0.
1122 2554 1150 2600 ο.
1168 2534 1463 2619 comprehendant:

179 2641 256 2724 ,alii
280 2662 334 2706 eas
365 2641 452 2706 solas
483 2641 661 2707 sententias
693 2642 724 2707 ci
754 2642 989 2722 adnumerant,
1021 2662 1106 2725 quae
1136 2663 1176 2706 ex
1205 2641 1304 2706 verbo
1336 2642 1466 2708 dicendi

177 2747 331 2833 pendent,
355 2770 433 2814 voce
457 2748 508 2814 vel
531 2749 654 2833 scripto
679 2748 786 2814 forma
809 2770 874 2814 non
892 2749 1060 2833 primitiva
1075 2753 1278 2833 expressas“,
1312 2749 1463 2815 Anderss.

178 2854 198 2921 l.
223 2879 250 2922 c.
298 2855 337 2920 In
360 2855 431 2936 hac,
462 2878 545 2941 quae
569 2857 740 2942 angustius
762 2855 881 2936 valeat,
914 2877 942 2920 c.
969 2855 1122 2940 obliquae
1146 2853 1334 2920 defiuitione
1359 2857 1466 2921 omitti

179 2964 282 3029 solent
306 2964 405 3029 etiam
429 2985 477 3045 ea,
502 2984 586 3047 quae
610 2986 650 3029 ex
672 2964 743 3047 ipso
767 2963 867 3029 verbo
892 2961 1021 3028 dicendi
1045 2969 1124 3048 apta
1147 2967 1233 3042 sunt,
1258 2963 1437 3028 enuntiata.

265 3072 305 3136 In
328 3077 422 3138 tanta
446 3072 684 3150 sententiarum
709 3069 899 3137 diversitate
923 3068 1110 3136 statuebam
1132 3070 1167 3168 in
1190 3068 1253 3136 hoc
1276 3069 1387 3136 libello
1416 3071 1465 3136 ita

178 3179 444 3245 circumscribere
468 3187 566 3263 atque
591 3178 726 3244 definire
750 3177 910 3244 orationis
934 3177 1086 3260 obliquae
1110 3177 1192 3257 vim,
1221 3182 1260 3241 ut
1286 3179 1465 3262 segregatis

177 3286 326 3352 omnibus
361 3287 674 3370 interrogationibus
709 3285 879 3353 indirectis
914 3310 944 3372 q.
982 3286 1013 3356 d.
1054 3285 1118 3351 hac
1158 3286 1388 3352 contineantur
1426 3312 1464 3354 ea

176 3395 361 3474 enuntiata,
392 3395 511 3478 quibus
541 3394 647 3460 aliena
677 3394 804 3478 profert
835 3395 977 3479 scriptor
1009 3393 1060 3460 vel
1091 3393 1181 3458 dicta
1212 3393 1263 3458 vel
1297 3394 1386 3460 iussa
1415 3397 1465 3462 vel

174 3501 296 3566 iudicia
320 3507 354 3566 et
376 3502 592 3585 cogitationes
616 3503 664 3568 ita
687 3509 808 3580 tamen,
837 3509 883 3580 ut,
915 3523 999 3586 quae
1022 3500 1167 3586 pendent
1190 3522 1230 3565 ex
1252 3500 1332 3586 ipsis
1357 3504 1464 3570 verbis

175 3611 350 3688 sentiendi,
381 3610 443 3674 nisi
474 3608 525 3674 his
556 3610 640 3676 aliae
663 3609 845 3675 sententiae
868 3608 1044 3674 adiunctae
1069 3609 1144 3688 sint,
1177 3609 1391 3687 omittantur,
1425 3634 1463 3678 ex

177 3718 307 3783 dicendi
330 3717 437 3782 verbis
461 3717 638 3801 pendentia
663 3717 844 3797 enuntiata,
871 3736 944 3781 cum
966 3714 1120 3799 propriae
1143 3715 1208 3780 sint
1236 3737 1282 3780 or.
1310 3717 1462 3802 obliquae

180 3826 288 3890 onmia
311 3831 504 3891 tractentur.

211 4040 232 4108 ¹)
250 4042 283 4095 G.
302 4043 462 4104 Audasson,
482 4044 515 4092 de
535 4044 644 4110 obliqua
664 4045 784 4094 oratione
804 4043 958 4092 Latinorum
977 4040 1171 4102 commentatio,
1191 4041 1301 4091 Lundae
1323 4041 1394 4103 1846.

208 4129 232 4198 2)
248 4133 281 4184 Κ.
306 4133 419 4200 Reisig’s
448 4133 630 4200 Vorlesungen
660 4136 725 4185 iiber
752 4134 906 4184 lateinische
930 4130 1229 4198 Sprachwissenschaft,
1259 4133 1306 4181 mit
1331 4134 1382 4182 den
1407 4137 1461 4184 An·

244 4224 402 4288 merkungen
423 4240 474 4274 von
494 4225 536 4274 Fr.
556 4225 654 4276 Haase.
693 4227 752 4275 Neu
771 4225 917 4273 bearbeitet
942 4238 994 4271 von
1014 4222 1125 4286 Hagen,
1153 4220 1273 4271 Scbmalz
1300 4225 1352 4272 und
1373 4226 1459 4274 Land-

245 4313 310 4376 graf,
330 4313 418 4362 Berlin
440 4309 547 4376 1881l87.
