3282 4918
713 73 724 106 Ι

820 165 841 230 9

724 257 934 264 -.—--———-

186 341 309 408 babere
332 348 455 426 potest,
489 342 555 406 sive
579 346 707 425 tempus
730 363 885 428 praesens
909 342 974 407 sive
998 339 1212 425 praeteritum
1236 342 1415 420 usurpatur
1437 336 1470 400 in

187 451 351 516 sententia
373 449 562 534 primaria.“
597 449 639 513 At
657 469 735 528 ,meo
753 447 896 514 arbitrio
921 447 1130 530 Kallenbergi
1153 445 1234 510 illud
1257 449 1470 528 praeceptum

187 558 396 624 Ehrismanni
413 556 642 635 observationi,
669 560 702 620 ni
726 557 833 636 fallor,
858 557 989 620 minime
1005 558 1183 639 repugnat3
1209 573 1273 618 uon
1290 553 1376 616 enim
1393 550 1472 615 dicit

188 665 429 752 Kallenborgus
451 665 664 729 indicativum
689 664 818 748 saepius
843 663 935 748 sequi
958 682 1112 746 praesens
1130 682 1227 744 quam
1243 659 1470 744 praeteritum,

187 773 244 838 sed
268 772 481 837 indicativum
505 772 634 855 saepius
655 793 810 855 praesens
826 771 916 854 sequi
934 792 1031 855 quam
1049 767 1331 854 coniunctivum.¹)
1358 805 1397 814 -
1425 766 1471 830 De

188 887 260 946 tota
275 856 385 945 autem
402 902 438 944 re
455 901 528 944 cum
545 877 746 944 Sohmalzins
758 877 785 964 2)
803 878 849 944 515
864 884 1011 942 censeat:
1044 877 1129 958 ,Mir
1145 875 1273 940 scheint
1297 897 1330 940 es
1354 873 1470 953 sicher,
1519 878 1526 908 l

191 987 266 1052 dass
288 986 342 1051 bei
366 985 568 1064 Cornificius,
594 984 647 1049 bei
672 985 786 1062 Varro,
814 985 926 1050 Cicero
951 990 1011 1050 551.
1035 984 1093 1049 der
1110 984 1271 1048 Indioativ
1292 981 1350 1047 der
1366 968 1470 1046 llber-

189 1092 511 1177 Iieferungvielfach
535 1114 574 1156 zu
599 1092 711 1156 halten
736 1092 832 1156 istu.
859 1100 888 1158 s.'
910 1098 969 1156 11.κ
1000 1091 1061 1157 hac
1089 1089 1323 1156 consuetudine
1347 1086 1470 1152 Ammi-

191 1225 287 1267 anum
311 1223 378 1267 non
399 1221 598 1285 repugnasse
622 1200 748 1282 legibus
769 1199 999 1282 grammaticis,
1026 1199 1083 1264 sed
1100 1220 1179 1278 rem,
1205 1218 1289 1281 qnae
1305 1197 1369 1260 iam
1387 1199 1469 1272 orat,

189 1309 363 1375 adscivisse
387 1315 526 1394 apparet
550 1314 583 1372 et
607 1306 832 1390 amplificasse.

344 1562 400 1627 De
425 1559 650 1628 orationum
672 1562 870 1626 rectarum
895 1564 935 1628 et
959 1562 1211 1644 obliquarum
1235 1580 1319 1629 usu.

276 1739 396 1805 Rectae
428 1737 586 1803 orationis
615 1737 721 1802 forma
751 1739 940 1804 Ammianus
971 1761 1099 1823 semper
1129 1741 1234 1812 utitur
1262 1741 1403 1824 primum
1439 1738 1472 1802 in

68 1926 72 1934 ,
186 1846 366 1911 referendis
390 1846 624 1930 imperatorum
648 1844 865 1925 contionibus,
890 1845 1008 1929 quibus
1024 1847 1059 1911 hi
1075 1846 1125 1911 vel
1141 1845 1226 1912 filios
1244 1845 1474 1912 commendant

187 1955 364 2020 Caesarum
390 1952 549 2037 dignitate
573 1950 755 2016 induendos
780 1952 862 2036 (XV,
888 1959 918 2033 6,
945 1963 981 2034 5;
1006 1954 1141 2033 XXVII,
1168 1959 1196 2032 6,
1225 1953 1259 2040 6)
1285 1963 1318 2019 51
1337 1953 1472 2022 fratrem

188 2060 319 2146 (XXVI,
354 2065 383 2140 2,
414 2061 459 2146 6),
490 2059 541 2125 151
564 2059 683 2124 15111155
707 2059 945 2125 tumultuantes
968 2059 1094 2140 sedant,
1123 2067 1327 2145 pugnaturos
1351 2059 1471 2125 adhor-

186 2173 309 2245 tantur,
338 2167 379 2232 de
401 2167 491 2232 initis
515 2166 658 2232 consiliis
682 2166 801 2233 docent
816 2167 918 2254 (XIV,
947 2173 996 2248 10,
1025 2174 1077 2250 11;
1105 2174 1134 2247 7,
1163 2173 1212 2237 13.
1244 2167 1330 2246 XVI,
1360 2172 1408 2246 12,
1435 2174 1469 2245 11;

191 2281 238 2352 11,
266 2281 428 2340 55--11
466 2273 569 2354 11111,
598 2279 648 2353 13,
675 2279 725 2341 rs.
755 2274 824 2354 xx,
850 2281 880 2355 1,
909 2280 963 2356 15;
990 2280 1018 2352 5,
1046 2280 1075 2344 3.
1110 2276 1196 2354 11111,
1223 2282 1252 2355 5,
1279 2281 1312 2356 1;
1342 2282 1391 2356 13,
1420 2281 1469 2342 15,
1586 2326 1589 2334 .

185 2381 305 2459 XXIII,
327 2386 426 2466 5,16.
452 2381 568 2460 XXIV,
595 2387 624 2462 3,
650 2388 680 2451 4.
705 2382 821 2462 XXVI,
849 2389 877 2462 7,
907 2385 969 2469 16).
1005 2382 1126 2467 Magno
1151 2403 1223 2447 eum
1248 2381 1356 2447 studio
1381 2387 1472 2446 recta

185 2489 343 2553 orationis
360 2489 466 2553 forma
481 2509 579 2573 porro
596 2487 724 2555 inducit
738 2491 758 2554 J
761 2490 915 2570 ulianum,
940 2492 1032 2557 ouius
1048 2491 1163 2575 plenus
1181 2497 1231 2556 est
1253 2489 1471 2556 admiratione

186 2602 220 2661 et
236 2596 454 2673 veneratione,
475 2595 662 2679 loquentem
679 2596 781 2683 (XVI,
801 2604 830 2677 5,
852 2605 906 2678 11;
934 2605 963 2680 5,
984 2605 1032 2667 12.
1056 2598 1143 2677 XXI,
1162 2604 1192 2678 2,
1211 2604 1240 2662 2.
1265 2597 1352 2678 XXI,
1372 2603 1400 2677 5,
1421 2603 1470 2663 12.

186 2705 253 2784 XX,
280 2712 310 2784 4,
336 2710 365 2769 9.
399 2703 502 2784 XXII,
530 2709 559 2783 5,
585 2712 604 2768 4
628 2711 662 2770 51
687 2712 722 2785 5;
748 2707 949 2793 saepissime)
981 2713 1014 2772 et
1038 2706 1233 2773 scribentem
1259 2705 1342 2791 (XX,
1369 2711 1398 2783 8,
1426 2710 1469 2787 5).

188 2814 263 2878 Sine
288 2811 388 2878 dubio
412 2811 552 2895 scriptor
572 2813 606 2877 in
622 2809 744 2878 Iuliani
764 2814 945 2891 referendis
962 2815 1027 2879 5115
1043 2814 1247 2899 longioribus
1263 2812 1471 2879 contionibus

187 2919 252 2984 5115
276 2919 431 2986 brevibus
456 2919 551 2985 dietis
575 2920 641 2985 5115
665 2920 785 2987 11115115
808 2928 899 2987 15515
922 2921 1028 2986 forma
1052 2921 1094 2986 ob
1119 2943 1190 2987 eam
1215 2942 1285 2985 rem
1303 2920 1469 3000 utebatur,

186 3025 271 3110 quod
296 3033 386 3092 recte
408 3025 621 3109 intellegebat
643 3034 796 3092 naturam
819 3029 1027 3112 imperatoris
1051 3029 1253 3111 virtutesque
1277 3034 1315 3090 ut
1346 3033 1469 3109 tempe-

185 3135 337 3214 rantiam,
366 3132 592 3199 fortitudinem
617 3156 656 3199 ac
680 3135 924 3215 strenuitatem,
955 3135 1164 3220 prudentiam
1189 3142 1289 3219 atque
1312 3134 1470 3199 iustitiam

184 3244 323 3306 maxime
351 3245 542 3324 conspicuas
573 3241 659 3319 fore,
691 3242 718 3306 si
746 3242 852 3325 ipsum
877 3243 933 3326 qui
956 3244 1103 3327 legerent
1126 3242 1227 3308 libros
1252 3243 1345 3326 quasi
1369 3242 1471 3307 oeulis

184 3355 356 3414 cernerent
380 3347 580 3432 auribusque
604 3347 757 3414 audIrent
779 3349 976 3432 loquentem.
1023 3349 1165 3415 Maxime
1188 3348 1220 3413 id
1246 3349 1333 3414 valet
1360 3349 1400 3413 ds
1430 3349 1470 3412 iis

183 3457 299 3536 verbis,
332 3477 415 3539 qnae
434 3455 621 3521 Ammianus
644 3454 707 3522 hac
731 3477 862 3540 quoque
887 3478 923 3521 re
949 3456 1097 3523 Tacitum
1121 3457 1253 3522 imitans
1283 3457 1347 3522 iam
1372 3457 1468 3521 mori-

184 3571 293 3628 turum
316 3564 547 3647 imperatorem
572 3561 614 3626 ad
648 3563 753 3628 555155
783 3562 971 3646 loquentem
1003 3565 1084 3630 facit
1105 3564 1204 3644 XXV,
1239 3569 1274 3643 3,
1311 3570 1347 3627 15
1367 3604 1401 3611 -
1419 3569 1469 3630 20.

184 3673 314 3747 Quanta
343 3669 515 3753 implemur
547 3669 763 3734 admiratione
795 3671 895 3734 animi
927 3672 1177 3755 magnitudinis,
1208 3671 1468 3757 tranquillitatis,
1538 3661 1541 3668 ¹

167 3777 387 3841 ²constautiao
409 3775 542 3855 Iuliani,
567 3796 641 3840 oum
663 3775 729 3842 iam
753 3776 821 3841 vita
845 3778 1055 3844 excedentem
1079 3780 1184 3862 ipsum
1209 3784 1276 3844 tam
1297 3779 1469 3862 praeclara

183 3883 353 3948 audiamus
378 3884 659 3968 pronuntiantem!
695 3885 824 3961 Quanto
848 3885 1018 3951 minuisset
1041 3886 1182 3971 scriptor
1202 3889 1265 3951 rim
1283 3886 1465 3965 vorborum,

163 3991 210 4055 'si
235 3990 340 4056 forma
364 4012 441 4056 usus
465 3998 550 4056 esset
573 3990 726 4075 obliquat

221 4154 242 4222 ¹)
259 4157 300 4206 De
319 4157 480 4222 temporibus
500 4157 526 4206 111
547 4162 635 4206 51111111.
653 4156 741 4206 interr.
763 4157 817 4206 obl.
837 4173 861 4206 v.
882 4157 1038 4208 Ehrismann
1058 4161 1075 4211 l.
1096 4176 1116 4209 c.
1137 4177 1198 4225 pag.
1218 4174 1253 4210 20
1273 4178 1311 4228 sq.

219 4245 243 4314 2)
259 4245 376 4308 Schmalz
387 4249 421 4296 im
434 4246 598 4296 Handbuche
611 4247 656 4295 der
670 4245 831 4296 klassischen
842 4248 1174 4310 Artertumswissenschatt,
1191 4251 1288 4312 151111,
1301 4251 1471 4302 Lateiniscbe

255 4335 351 4399 Syntax
370 4335 388 4402 ξ
407 4349 459 4397 214,
480 4336 506 4387 S.
526 4337 571 4400 316
592 4339 608 4389 1,
