3282 4918
795 158 840 223 40

180 338 281 402 tivum
306 335 399 422 (quid
424 336 526 422 quod)
550 334 599 399 vel
622 335 758 400 verbum
781 332 959 398 accedendi
982 339 1015 398 et
1047 331 1207 398 adiciondi
1231 333 1280 398 vel
1311 339 1485 416 praeter-

180 442 280 509 eundi
303 449 336 507 et
359 441 510 508 mittendi
532 441 583 507 111
608 442 748 508 faciendi
771 446 804 507 et
828 440 997 506 accidendi
1022 439 1171 526 (Kiihnar
1185 461 1261 525 pag.
1278 445 1347 504 836
1370 441 1485 528 sqq).

267 552 316 615 Ex
348 550 405 615 illa
435 551 536 635 igitur
567 551 795 635 usurpatione,
827 549 861 613 in
894 569 958 630 qua
987 546 1027 611 ad
1052 546 1249 613 antecedens
1280 568 1487 630 pronomen

179 659 469 724 demonstrativum
500 659 663 740 particula
694 659 778 743 quod
803 654 1026 734 referebatur,
1059 654 1139 718 mihi
1168 653 1299 739 quidem
1334 655 1486 721 videtur

181 787 331 832 manasse
354 765 459 830 libera
481 766 644 849 posterior
668 766 737 830 eius
759 763 942 848 particulae
966 768 1041 845 post
1057 761 1156 827 verba
1180 745 1308 828 dicendi
1334 769 1375 828 et
1403 785 1486 828 sen-

177 871 282 938 tiendi
305 869 513 956 usurpandae
538 873 633 938 ratio.
674 872 721 937 Cf.
749 871 814 936 Cic.
839 871 915 938 fam.
935 875 964 935 3.
990 874 1019 949 8,
1046 874 1064 933 6
1089 891 1132 934 an
1154 869 1234 933 mihi
1258 868 1298 935 de
1320 876 1359 934 te
1390 870 1485 935 nihil

179 1002 248 1046 esse
273 979 420 1046 dictum.
439 1030 445 1044 .
464 1031 470 1045 .
487 979 606 1063 putas?
632 1001 671 1044 ne
695 981 752 1044 boo
769 978 900 1062 quidem
917 978 1001 1062 qnod
1016 1028 1023 1041 .
1041 1027 1048 1044 .
1066 1028 1072 1041 .
1092 1027 1098 1041 .
1124 977 1268 1040 Taurum
1283 978 1358 1061 ipse
1377 985 1483 1043 tran-

179 1087 272 1152 sisti?
320 1086 503 1151 Pronomen
527 1087 612 1152 enim
637 1085 927 1152 demonstrativum
951 1091 1049 1149 antea
1073 1083 1281 1168 adsumptum
1306 1085 1352 1150 ad
1387 1085 1482 1150 haec

177 1194 279 1258 verba
302 1198 448 1276 tempore
472 1192 695 1257 omittebatur.

270 1297 364 1378 Quod
387 1305 495 1364 autem
519 1300 585 1364 iam
608 1301 715 1383 prisco
741 1309 904 1386 tempore,
935 1287 962 1365 si
994 1301 1118 1388 recte1)
1151 1322 1185 1366 se
1209 1300 1311 1367 habet
1334 1302 1402 1386 qui
1428 1303 1479 1366 le-

57 1431 61 1440 ·
97 1381 98 1388 1
178 1409 267 1492 gitur
291 1406 379 1491 apud
402 1406 555 1471 Plautum
577 1406 682 1473 locus:
713 1410 799 1474 Asin.
826 1413 865 1472 52
893 1407 1064 1491 „equidem
1088 1409 1155 1472 soio
1179 1407 1244 1472 iam
1267 1406 1356 1472 filius
1385 1411 1483 1493 quod

178 1519 266 1580 amet
281 1535 371 1578 meus
387 1514 493 1578 istanc
509 1515 745 1595 meretricem“,
770 1514 823 1582 hic
839 1537 916 1581 usus
932 1515 1105 1596 invenitur,
1131 1515 1355 1580 concludimus
1376 1516 1479 1581 haud
1514 1521 1517 1530 ¹

93 1645 95 1654 ¹
180 1623 326 1706 ignotam
352 1621 408 1686 sed
433 1622 591 1687 sermonis
615 1622 722 1706 plebei
745 1623 844 1689 fuisse
859 1623 945 1689 hanc
962 1629 1161 1689 structuram
1176 1621 1315 1706 ideoque
1332 1645 1479 1708 semper

179 1729 386 1815 repudiatam
410 1729 452 1794 ab
477 1730 732 1812 elegantioribus
756 1732 980 1822 scriptoribus
1026 1730 1195 1814 Nusquam
1229 1732 1314 1796 enim
1343 1730 1477 1796 deinde

179 1859 283 1921 usque
307 1836 349 1901 ad
372 1837 580 1921 imperatoris
604 1838 742 1922 Augusti
765 1843 893 1922 tempus
916 1835 1106 1903 huiusmodi
1129 1837 1311 1920 exemplum
1341 1839 1491 1922 legitur¹

181 1950 314 2029 praeter
337 1965 438 2008 unum
462 1943 543 2008 illud
567 1943 645 2009 belli
669 1943 893 2028 Hispaniensis
918 1945 990 2032 (36,
1028 1951 1061 2007 l:
1094 1943 1196 2027 legati
1218 1947 1473 2022 renuntiarunt,

180 2053 264 2136 qaod
277 2051 488 2135 Pompeium.
506 2101 513 2115 .
531 2102 538 2117 .
556 2050 729 2138 haberent)
749 2090 788 2098 —
806 2053 937 2118 illorum
955 2052 1103 2132 duorum,
1129 2073 1209 2136 quos
1226 2051 1350 2117 lliihler
1367 2053 1475 2120 affert

147 2148 149 2160 ¹
180 2160 201 2228 l.
227 2183 254 2226 c.
277 2181 309 2243 p.
336 2165 375 2224 77
400 2160 546 2224 locorum
569 2159 694 2243 primus
718 2159 792 2245 (18,
826 2160 859 2248 5)
885 2159 985 2224 dubia
1009 2166 1058 2224 est
1082 2159 1229 2224 codicum
1252 2163 1473 2240 auctoritate,

181 2268 266 2334 alter
289 2267 357 2353 (10,
385 2272 418 2332 2:
444 2288 501 2331 suo
525 2269 597 2333 loco
621 2269 836 2351 praeteritum
861 2271 925 2348 est,
955 2267 1040 2352 quod
1062 2257 1187 2351 equites
1205 2319 1210 2333 .
1229 2319 1259 2334 ..
1283 2269 1471 2356 venissent)

184 2397 249 2441 non
272 2375 337 2440 huc
359 2376 503 2460 pertinet
528 2375 570 2462 (1.
588 2375 723 2440 Kiihner
738 2398 769 2460 p.
795 2379 870 2456 838,
896 2374 931 2462 d)
950 2412 1001 2455 —-,
1027 2376 1118 2441 cuius
1142 2381 1309 2440 auctorem
1334 2380 1474 2441 constat

183 2483 321 2548 multum
346 2485 516 2548 recessisse
541 2483 583 2547 ab
607 2483 806 2566 elegantiore
831 2481 967 2548 dicendi
984 2504 1110 2566 genere.
1157 2482 1237 2548 Inde
1267 2483 1308 2547 ab
1339 2505 1379 2549 ea
1413 2506 1471 2550 ae-

183 2596 252 2656 tate
276 2612 341 2674 quo
365 2591 468 2675 magis
492 2591 632 2674 scriptor
656 2590 827 2656 accederet
850 2589 893 2656 ad
918 2611 1097 2656 sermonem
1121 2589 1297 2672 vulgarem,
1331 2611 1369 2654 eo
1396 2613 1472 2656 cre-

184 2697 275 2764 brius
305 2698 462 2763 utebatur
491 2720 552 2781 pro
583 2698 743 2763 infinitivo
776 2721 803 2764 c.
836 2720 902 2764 acc.
928 2698 1111 2781 particulae
1134 2698 1219 2782 quod
1241 2703 1412 2762 structura
1438 2703 1473 2763 et

52 2873 54 2878 ,
182 2805 288 2889 primo
314 2803 446 2889 quidem
469 2792 561 2870 raro:
587 2805 658 2871 Val.
683 2806 767 2870 Max.
794 2813 824 2873 4.
850 2814 880 2888 4,
907 2814 942 2888 93
976 2807 1072 2878 Mart.
1102 2812 1151 2886 11,
1178 2812 1236 2885 64;
1269 2806 1356 2871 Ρ111.
1386 2813 1468 2886 131;

185 2913 274 2979 Suet.
299 2913 361 2976 Tit.
386 2916 415 2992 8,
441 2911 554 2978 Claud.
574 2919 643 2995 29.;
669 2937 686 2979 a
709 2919 883 2998 potiturum
907 2938 1042 2981 numero
1066 2914 1229 2998 Vergilius
1253 2913 1341 2979 solus
1364 2936 1470 2980 unum

184 3021 292 3086 locum
315 3020 470 3104 praebet:
495 3021 573 3086 Aen.
593 3027 622 3102 9,
641 3028 715 3088 289.
756 3021 946 3088 ceterorum
971 3023 1117 3088 locorum
1133 3022 1254 3087 alteros
1271 3027 1308 3085 ut
1323 3020 1466 3087 Phaedr.

186 3133 263 3208 12,
293 3133 349 3208 13;
371 3127 442 3212 Lir.
462 3133 490 3193 3.
510 3133 561 3208 52,
588 3133 616 3197 2.
634 3134 686 3193 42.
711 3135 763 3209 33,
789 3136 808 3194 4
831 3130 974 3196 11111111
996 3129 1156 3214 praebent
1179 3127 1318 3208 codices,
1342 3129 1468 3194 alteros

184 3240 222 3299 ut
246 3235 336 3301 Caes.
369 3235 400 3300 b.
426 3257 453 3300 c.
482 3242 508 3299 1.
535 3240 587 3316 23,
621 3241 655 3316 33
688 3236 756 3301 Liv.
783 3242 834 3302 39.
862 3240 913 3314 39,
945 3241 981 3315 63
1013 3238 1065 3299 45.
1090 3239 1142 3313 41,
1179 3239 1210 3313 13
1243 3239 1294 3298 38.
1321 3240 1373 3312 49,
1410 3241 1466 3314 10;

186 3344 262 3410 Τ11.
286 3364 360 3409 ann.
386 3349 423 3424 3,
459 3348 516 3423 543
555 3349 604 3424 14,
631 3349 648 3409 6
674 3344 769 3409 aliter
799 3349 832 3410 11
856 3342 986 3427 quidem
1010 3339 1268 3424 simplici'modo
1292 3342 1468 3407 nonnullos

185 3449 331 3515 homines
356 3449 445 3515 docti
467 3451 735 3534 interpretantur.

276 3557 411 3640 Saepius
435 3557 500 3621 iam
524 3556 605 3622 haec
629 3562 795 3623 structura
819 3558 994 3623 adhibetur
1017 3563 1092 3642 post
1115 3557 1262 3624 Suetonii
1278 3563 1407 3641 tempus
1424 3557 1466 3623 ab

186 3664 333 3748 Apuleia,
360 3663 473 3742 (111111,
496 3664 637 3744 lustino,
661 3665 733 3728 aliis
757 3687 866 3730 rerum
891 3665 1116 3748 scriptoribus,
1142 3666 1328 3750 saepissima
1345 3687 1421 3730 vero
1446 3687 1466 3728 a

187 3771 401 3854 scriptoribus
425 3771 590 3836 Historiae
607 3771 784 3856 Augustae,
810 3773 866 3857 qui
891 3771 1022 3837 fuerunt
1038 3771 1232 3836 Diocletiani
1256 3777 1289 3836 11
1306 3771 1464 3836 Constan-

186 3880 247 3944 tini
271 3882 388 3944 aetate.

276 3987 317 4068 Ji,
343 4007 424 4071 quos
448 3985 557 4052 adhuc
581 3988 782 4068 enumeravi,
813 3987 989 4070 scriptores
1012 3987 1204 4072 plerumque
1228 3990 1464 4054 scaranensem

187 4095 319 4161 modum
343 4115 417 4161 cum
440 4096 604 4177 particula
626 4097 711 4180 qnod
733 4095 982 4179 coniungebant,
1013 4097 1202 4160 Ammianus
1226 4116 1320 4175 vero,
1353 4115 1463 4179 quam-

225 4259 247 4326 1)
266 4263 368 4311 Mutata
387 4261 457 4310 enim
476 4261 685 4325 in.:1·punctione
703 4262 741 4310 sic
759 4260 867 4325 legitur:
892 4260 1013 4324 equidem
1036 4259 1091 4309 scio
1117 4259 1178 4308 iam.
1197 4260 1279 4309 Filius
1303 4262 1374 4325 quod
1398 4263 1463 4310 amet

266 4367 338 4400 meus
358 4359 419 4409 cet.,·
443 4351 474 4400 cs.
495 4351 572 4400 etiam
592 4350 755 4416 Kallenberg
774 4367 834 4416 pag.
856 4365 879 4412 9.
