3282 4918
795 211 835 277 75

173 387 373 470 ,deberent“
398 385 556 451 hocloco
582 418 622 442 =
649 386 799 464 debeant,
833 410 906 452 cum
931 389 1112 473 exprimere
1136 389 1213 452 velit
1237 389 1377 471 scriptor
1400 409 1456 454 eos

173 500 234 582 (sc.
251 494 422 582 quosdam)
439 493 558 560 debere
576 494 735 573 lectitare,
759 494 799 560 de
815 517 874 560 suo
892 497 977 561 euim
993 496 1095 580 ipsius
1111 503 1257 580 tempore
1272 497 1350 580 agit.
1374 496 1455 561 Ver-

174 603 306 670 borum:
324 601 520 684 „doceretur
530 641 569 648 -
580 602 712 667 liceret“
729 607 877 684 tempora
891 608 1028 686 pentent
1043 627 1082 670 ex
1099 601 1257 668 infinitivo
1268 607 1453 687 ,rogasset

265 728 353 794 Ana.
377 727 500 808 XXXI,
535 733 591 807 13,
626 733 664 828 14
697 727 812 813 (supra
835 748 910 811 pag.
936 733 992 806 74,
1025 729 1059 814 a)
1090 727 1176 812 idem
1200 728 1344 792 cernitur
1368 727 1456 811 quod

173 834 263 920 apud
286 836 412 919 priores
436 856 566 919 quoque
591 835 765 918 scriptores
789 833 878 898 haud
901 856 977 900 raro
1001 834 1073 899 fieri
1097 839 1240 899 constat:
1269 839 1307 899 nt
1328 856 1393 899 non
1417 855 1456 900 cn

172 945 266 1009 verbo
287 945 391 1024 fincte,
415 966 431 1008 e
455 964 517 1025 qno
542 944 647 1007 oratio
664 943 797 1023 pendet,
822 946 966 1023 temporo
990 947 1069 1026 opta
1085 943 1152 1007 stat
1166 943 1223 1006 sed
1239 963 1277 1007 eu
1293 943 1457 1024 tntnittoo

173 1052 224 1117 oet
248 1052 329 1116 cont.
354 1053 423 1117 etos
446 1052 635 1128 sententiae,
660 1052 753 1115 coins
776 1051 912 1115 subtecti
936 1051 1146 1133 coqttottones
1168 1049 1218 1113 oet
1239 1050 1337 1113 verbo
1353 1049 1456 1131 capli-

173 1164 309 1238 cuntnr,
342 1159 382 1224 cf.
407 1158 498 1224 Caes
522 1157 553 1222 b.
580 1157 617 1222 G.
642 1157 667 1236 1,
701 1163 761 1221 42:
794 1157 963 1222 mittit...
996 1178 1065 1221 sese
1088 1157 1211 1220 idcirco
1235 1155 1277 1220 ab
1302 1156 1367 1220 suis
1391 1155 1456 1222 dis·
1563 1176 1566 1194 ·

174 1266 289 1330 cedere
312 1269 413 1348 atque
437 1264 480 1329 ad
504 1285 577 1328 eum
601 1264 709 1328 venire
733 1263 895 1344 maluisse,
921 1286 987 1349 quo
1011 1264 1140 1330 facilius
1165 1264 1330 1329 civitatem
1352 1265 1386 1329 in
1408 1264 1455 1330 ol-

174 1372 249 1438 ficio
273 1374 469 1451 contineret·
494 1371 517 1450 Ι,
545 1375 603 1451 35;
629 1371 667 1451 V,
694 1376 721 1435 3.

264 1527 384 1582 Altero
408 1528 485 1581 loco
501 1524 704 1581 tractandae
721 1527 800 1580 suut
817 1537 877 1580 eae
894 1525 1160 1591 enuntiationes,
1184 1538 1274 1592 quae
1291 1540 1335 1580 ex
1357 1539 1456 1594 prae-

170 1633 275 1690 terim
297 1636 455 1701 tempore
477 1631 640 1700 pendent.
689 1622 727 1687 In
749 1624 789 1686 iis
812 1623 979 1687 invenitur

264 1768 618 1848 remansurorum
642 1771 819 1848 temporum
843 1767 1030 1832 consecutio.
1065 1767 1157 1830 Hanc
1173 1771 1358 1848 temporum
1382 1787 1458 1831 con-

171 1875 372 1940 secutionem
396 1874 697 1958 repraesentatione
722 1873 864 1955 quadam
888 1873 1141 1958 praeteritorum
1165 1873 1362 1938 coniunctivi
1377 1878 1458 1939 tem-

173 2004 290 2067 porum
323 1980 473 2047 effectam
505 2002 574 2045 esse
606 1980 842 2045 Ehrismannus
872 1981 892 2046 l.
918 2003 944 2046 c.
975 2001 1048 2065 pag.
1084 1986 1122 2044 16
1152 2003 1223 2064 sqq.
1256 1980 1459 2045 demonstrat

173 2111 321 2172 eamque,
340 2111 412 2154 cum
429 2089 570 2172 primum
587 2109 606 2151 a
621 2087 759 2152 Caesare
775 2088 980 2172 potissimum
996 2089 1030 2152 in
1041 2088 1169 2153 litteras
1180 2086 1343 2153 Romanas
1356 2089 1458 2152 intro-

173 2198 273 2263 ducta
286 2202 319 2262 et
335 2219 353 2261 a
369 2196 471 2276 Livio,
490 2195 612 2275 Tacite,
630 2217 705 2260 raro
723 2217 743 2260 a
757 2195 911 2262 Sallustio
926 2197 1053 2261 adscita
1071 2197 1125 2275 sit,
1142 2196 1175 2258 in
1187 2195 1288 2279 ipsius
1297 2194 1459 2259 Ammiani

174 2305 323 2370 oratione
346 2302 578 2381 increbruisse,
611 2324 697 2386 ,quc
729 2303 871 2369 alacrior
896 2311 929 2370 et
952 2304 1095 2369 vivacior
1118 2302 1178 2366 fiat
1201 2303 1338 2368 oratio“¹
1386 2303 1458 2366 Non

173 2414 277 2496 igitur
300 2411 418 2475 mirum
433 2408 563 2476 videtur
579 2411 786 2475 Ammianum
802 2411 836 2474 in
854 2411 1043 2478 contusione
1059 2432 1119 2476 sua
1142 2432 1171 2475 o.
1190 2409 1342 2494 obliquae
1366 2431 1460 2476 suae-

174 2543 238 2604 que
268 2520 370 2604 ipsius
402 2519 492 2584 illam
526 2517 788 2583 consecutionem
818 2519 852 2582 111
885 2541 913 2584 o.
945 2518 1110 2602 obliquam
1139 2518 1355 2583 transtulisse.
1409 2516 1461 2581 lbi

174 2630 261 2694 enim
285 2635 362 2692 sunt
384 2627 464 2692 haec
489 2627 558 2691 eius
581 2627 629 2691 rei
653 2627 814 2709 exempla:

172 2754 266 2832 XIV,
303 2758 352 2831 11,
391 2757 427 2814 3:
464 2751 567 2814 virum
603 2749 817 2815 fortissimum
855 2753 1146 2833 opprimebant
1181 2753 1459 2818 mussitantes...

336 2857 530 2922 Gallum
556 2857 597 2921 ad
622 2877 719 2922 saeva
742 2857 891 2923 facinora
915 2856 987 2922 ideo
1004 2858 1195 2938 animatum,
1219 2864 1256 2923 ut
1279 2881 1380 2928 eo...
1405 2880 1460 2923 ex-

336 2986 392 3031 oso
416 2965 459 3030 ad
483 2965 631 3046 magistri
656 2966 803 3048 equItum
826 2965 948 3031 liberos
971 2966 1176 3050 principatus
1197 2967 1337 3049 insignia
1353 2972 1460 3032 truns-

337 3075 493 3157 feruntur

175 3183 243 3261 XV,
271 3188 300 3263 5,
329 3188 386 3246 14ε
412 3181 634 3284 Aedesius...
659 3182 765 3248 minus
789 3182 887 3246 scisse
912 3179 988 3264 quid
1013 3186 1120 3246 actum
1136 3183 1197 3247 stt.
1213 3232 1239 3247 ..
1264 3180 1461 3245 contendeus

338 3289 436 3369 abiit3
461 3289 539 3353 item

173 3398 260 3476 XVI,
288 3404 317 3477 5,
346 3403 400 3460 12:
427 3397 483 3476 (sit
505 3397 663 3461 multatus
687 3434 729 3443 -
754 3396 967 3481 querentibus
991 3395 1221 3483 responderat)

175 3505 281 3586 XVII,
307 3511 337 3585 3,
363 3509 400 3568 4;
426 3503 641 3591 (commiserit
665 3543 706 3553 —
732 3504 900 3587 praefecto
927 3503 1088 3568 clamante
1113 3503 1238 3589 docuit)
1252 3504 1275 3590 ¹)

174 3612 279 3689 XXII,
308 3618 356 3692 11,
384 3617 441 3676 11:
468 3610 711 3699 (detestabatur
734 3613 879 3677 minatus
889 3609 914 3697 ²)
935 3606 982 3658 ’-
1007 3611 1109 3698 vetet)

174 3717 326 3797 XXVIII,
353 3723 381 3796 2,
408 3726 434 3810 9,
452 3715 550 3800 (abiit
577 3715 739 3783 iudicatus
764 3755 807 3764 -
831 3719 986 3806 evaserit)

171 3825 293 3905 XXIII,
324 3831 349 3905 l,
376 3830 412 3888 l:
440 3830 559 3888 conatu
583 3823 739 3890 desistere
763 3827 954 3904 suadebunt,
977 3828 1025 3891 Ita
1048 3826 1178 3891 demum
1195 3827 1275 3893 liaeo
1292 3835 1324 3893 et
1341 3829 1459 3895 similia

336 3936 499 4000 contemni
516 3941 667 4018 oportere
684 3937 863 4016 firrnontes,
888 3957 960 3999 cum
976 3935 1184 4000 inruentibus
1201 3938 1299 4000 armis
1317 3937 1460 4002 externis

336 4043 389 4108 lex
412 4063 478 4107 una
500 4047 544 4108 stt
567 4048 600 4107 et
615 4049 784 4127 perpetua,
811 4043 950 4108 salutem
974 4044 1062 4107 omni
1077 4045 1205 4109 ratione
1221 4044 1436 4111 defendere..
1452 4098 1458 4111 .

208 4206 230 4272 ¹)
252 4206 326 4268 Quae
340 4210 459 4274 exempla
472 4210 628 4258 Ehrismann
648 4226 709 4274 pag.
729 4222 756 4257 21
775 4208 894 4271 protulit:
915 4208 998 4269 XVII,
1018 4221 1042 4270 3,
1062 4219 1091 4272 55
1110 4209 1193 4270 XVII,
1215 4223 1251 4271 10,
1271 4223 1296 4270 4,
1318 4226 1375 4258 curn
1394 4211 1458 4258 mix·

251 4303 303 4344 tam
321 4297 418 4346 habent
437 4305 582 4363 temporum
603 4300 823 4357 consecutionem,
843 4296 911 4344 intra
930 4297 1057 4347 tractabo.

208 4383 231 4450 ²)
252 4387 400 4447 „Minatus“
420 4389 586 4452 participium
607 4387 694 4448 habet,
715 4394 741 4435 ut
761 4387 826 4436 alias
845 4387 1006 4452 saepissime,
1028 4389 1079 4437 vim
1098 4389 1242 4453 praesentis
1261 4393 1401 4452 temporie.
