<?xml version="1.0" encoding="UTF-8"?>
<!DOCTYPE html PUBLIC "-//W3C//DTD XHTML 1.0 Transitional//EN"
    "http://www.w3.org/TR/xhtml1/DTD/xhtml1-transitional.dtd">
<html xmlns="http://www.w3.org/1999/xhtml" xml:lang="en" lang="en">
 <head>
  <title>
</title>
<meta http-equiv="Content-Type" content="text/html;charset=utf-8" />
  <meta name='ocr-system' content='tesseract 3.04.00' />
  <meta name='ocr-capabilities' content='ocr_page ocr_carea ocr_par ocr_line ocrx_word'/>
</head>
<body>
  <div class='ocr_page' id='page_1' title='image "./deammianimarcel00reitgoog_0012.png"; bbox 0 0 3282 4918; ppageno 0'>
   <div class='ocr_carea' id='block_1_1' title="bbox 812 106 872 222">
    <p class='ocr_par' dir='ltr' id='par_1_1' title="bbox 812 106 872 222">
     <span class='ocr_line' id='line_1_1' title="bbox 812 106 872 222; baseline 0 -48"><span class='ocrx_word' id='word_1_1' title='bbox 812 106 872 222; x_wconf 35' lang='grc'>5,.</span> 
     </span>
    </p>
   </div>
   <div class='ocr_carea' id='block_1_2' title="bbox 180 333 1465 629">
    <p class='ocr_par' dir='ltr' id='par_1_2' title="bbox 180 333 1465 629">
     <span class='ocr_line' id='line_1_2' title="bbox 182 333 1465 416; baseline -0.001 -20"><span class='ocrx_word' id='word_1_2' title='bbox 182 334 346 396; x_wconf 84' lang='lat' dir='ltr'>rationem</span> <span class='ocrx_word' id='word_1_3' title='bbox 370 335 546 396; x_wconf 92' lang='lat' dir='ltr'>enarrandi</span> <span class='ocrx_word' id='word_1_4' title='bbox 570 333 694 396; x_wconf 81' lang='lat' dir='ltr'>studuit</span> <span class='ocrx_word' id='word_1_5' title='bbox 718 335 853 409; x_wconf 92' lang='lat' dir='ltr'>imitari,</span> <span class='ocrx_word' id='word_1_6' title='bbox 884 335 943 397; x_wconf 91' lang='lat' dir='ltr'>sed</span> <span class='ocrx_word' id='word_1_7' title='bbox 968 336 1070 395; x_wconf 90' lang='lat' dir='ltr'>etiam</span> <span class='ocrx_word' id='word_1_8' title='bbox 1093 354 1137 395; x_wconf 96' lang='lat' dir='ltr'>ex</span> <span class='ocrx_word' id='word_1_9' title='bbox 1158 335 1195 396; x_wconf 91' lang='lat' dir='ltr'>iis</span> <span class='ocrx_word' id='word_1_10' title='bbox 1220 343 1322 414; x_wconf 90' lang='lat' dir='ltr'>atque</span> <span class='ocrx_word' id='word_1_11' title='bbox 1346 334 1465 416; x_wconf 83' lang='lat' dir='ltr'>po&#39;etis,</span> 
     </span>
     <span class='ocr_line' id='line_1_3' title="bbox 182 440 1464 523; baseline -0.001 -20"><span class='ocrx_word' id='word_1_12' title='bbox 182 440 274 503; x_wconf 92' lang='lat' dir='ltr'>velut</span> <span class='ocrx_word' id='word_1_13' title='bbox 292 462 310 502; x_wconf 97' lang='lat' dir='ltr'>e</span> <span class='ocrx_word' id='word_1_14' title='bbox 326 441 476 523; x_wconf 89' lang='lat' dir='ltr'>Vergilio</span> <span class='ocrx_word' id='word_1_15' title='bbox 494 441 614 504; x_wconf 91' lang='lat' dir='ltr'>multas</span> <span class='ocrx_word' id='word_1_16' title='bbox 630 440 751 522; x_wconf 88' lang='lat' dir='ltr'>figuras</span> <span class='ocrx_word' id='word_1_17' title='bbox 768 452 802 504; x_wconf 88' lang='lat' dir='ltr'>et</span> <span class='ocrx_word' id='word_1_18' title='bbox 822 442 935 517; x_wconf 90' lang='lat' dir='ltr'>verba,</span> <span class='ocrx_word' id='word_1_19' title='bbox 961 443 1063 502; x_wconf 92' lang='lat' dir='ltr'>immo</span> <span class='ocrx_word' id='word_1_20' title='bbox 1087 449 1176 503; x_wconf 90' lang='lat' dir='ltr'>totas</span> <span class='ocrx_word' id='word_1_21' title='bbox 1200 445 1384 503; x_wconf 89' lang='lat' dir='ltr'>sententias</span> <span class='ocrx_word' id='word_1_22' title='bbox 1409 462 1464 503; x_wconf 92' lang='lat' dir='ltr'>ex-</span> 
     </span>
     <span class='ocr_line' id='line_1_4' title="bbox 180 549 1465 629; baseline -0.002 -18"><span class='ocrx_word' id='word_1_23' title='bbox 180 550 312 629; x_wconf 90' lang='lat' dir='ltr'>cerpsit,</span> <span class='ocrx_word' id='word_1_24' title='bbox 339 549 409 611; x_wconf 90' lang='lat' dir='ltr'>sive</span> <span class='ocrx_word' id='word_1_25' title='bbox 434 559 469 612; x_wconf 90' lang='lat' dir='ltr'>ut</span> <span class='ocrx_word' id='word_1_26' title='bbox 493 549 713 612; x_wconf 91' lang='lat' dir='ltr'>eruditionem</span> <span class='ocrx_word' id='word_1_27' title='bbox 737 559 924 612; x_wconf 85' lang='lat' dir='ltr'>ostentaret</span> <span class='ocrx_word' id='word_1_28' title='bbox 947 550 1019 611; x_wconf 92' lang='lat' dir='ltr'>sive</span> <span class='ocrx_word' id='word_1_29' title='bbox 1043 549 1206 612; x_wconf 89' lang='lat' dir='ltr'>inscitiam</span> <span class='ocrx_word' id='word_1_30' title='bbox 1230 567 1323 610; x_wconf 89' lang='lat' dir='ltr'>suam</span> <span class='ocrx_word' id='word_1_31' title='bbox 1344 549 1465 611; x_wconf 86' lang='lat' dir='ltr'>Latine</span> 
     </span>
    </p>
   </div>
   <div class='ocr_carea' id='block_1_3' title="bbox 179 655 1566 732">
    <p class='ocr_par' dir='ltr' id='par_1_3' title="bbox 179 655 1566 732">
     <span class='ocr_line' id='line_1_5' title="bbox 179 655 1566 732; baseline 0.001 -15"><span class='ocrx_word' id='word_1_32' title='bbox 179 656 362 732; x_wconf 91' lang='lat' dir='ltr'>scribendi,</span> <span class='ocrx_word' id='word_1_33' title='bbox 395 658 420 718; x_wconf 93' lang='lat' dir='ltr'>si</span> <span class='ocrx_word' id='word_1_34' title='bbox 453 676 546 718; x_wconf 88' lang='lat' dir='ltr'>suam</span> <span class='ocrx_word' id='word_1_35' title='bbox 577 655 800 718; x_wconf 89' lang='lat' dir='ltr'>elocutionem</span> <span class='ocrx_word' id='word_1_36' title='bbox 826 658 935 720; x_wconf 90' lang='lat' dir='ltr'>verbis</span> <span class='ocrx_word' id='word_1_37' title='bbox 959 666 1155 719; x_wconf 86' lang='lat' dir='ltr'>exornasset</span> <span class='ocrx_word' id='word_1_38' title='bbox 1179 660 1335 718; x_wconf 91' lang='lat' dir='ltr'>mutuatis</span> <span class='ocrx_word' id='word_1_39' title='bbox 1360 679 1403 721; x_wconf 92' lang='lat' dir='ltr'>ex</span> <span class='ocrx_word' id='word_1_40' title='bbox 1427 660 1464 718; x_wconf 92' lang='lat' dir='ltr'>iis</span> <span class='ocrx_word' id='word_1_41' title='bbox 1564 695 1566 706; x_wconf 79' lang='lat'>.</span> 
     </span>
    </p>
   </div>
   <div class='ocr_carea' id='block_1_4' title="bbox 177 764 1482 846">
    <p class='ocr_par' dir='ltr' id='par_1_4' title="bbox 177 764 1482 846">
     <span class='ocr_line' id='line_1_6' title="bbox 177 764 1482 846; baseline 0 -22"><span class='ocrx_word' id='word_1_42' title='bbox 177 764 404 844; x_wconf 84' lang='lat' dir='ltr'>scriptoribus,</span> <span class='ocrx_word' id='word_1_43' title='bbox 424 768 478 844; x_wconf 91' lang='lat' dir='ltr'>qui</span> <span class='ocrx_word' id='word_1_44' title='bbox 491 784 590 825; x_wconf 86' lang='lat' dir='ltr'>aurea</span> <span class='ocrx_word' id='word_1_45' title='bbox 603 785 627 825; x_wconf 93' lang='lat' dir='ltr'>s.</span> <span class='ocrx_word' id='word_1_46' title='bbox 641 773 811 844; x_wconf 86' lang='lat' dir='ltr'>argentea,</span> <span class='ocrx_word' id='word_1_47' title='bbox 828 785 913 846; x_wconf 84' lang='lat' dir='ltr'>quae</span> <span class='ocrx_word' id='word_1_48' title='bbox 927 773 1075 838; x_wconf 89' lang='lat' dir='ltr'>vocatur,</span> <span class='ocrx_word' id='word_1_49' title='bbox 1090 764 1257 827; x_wconf 85' lang='lat' dir='ltr'>latinitate</span> <span class='ocrx_word' id='word_1_50' title='bbox 1273 764 1462 841; x_wconf 86' lang='lat' dir='ltr'>utebantur,</span> <span class='ocrx_word' id='word_1_51' title='bbox 1477 807 1482 818; x_wconf 70' lang='lat'>.</span> 
     </span>
    </p>
   </div>
   <div class='ocr_carea' id='block_1_5' title="bbox 179 871 1592 953">
    <p class='ocr_par' dir='ltr' id='par_1_5' title="bbox 179 871 1592 953">
     <span class='ocr_line' id='line_1_7' title="bbox 179 871 1592 953; baseline 0.002 -22"><span class='ocrx_word' id='word_1_52' title='bbox 179 874 288 932; x_wconf 87' lang='lat' dir='ltr'>minus</span> <span class='ocrx_word' id='word_1_53' title='bbox 312 873 481 952; x_wconf 89' lang='lat' dir='ltr'>cognitum</span> <span class='ocrx_word' id='word_1_54' title='bbox 506 872 541 933; x_wconf 89' lang='lat' dir='ltr'>iri</span> <span class='ocrx_word' id='word_1_55' title='bbox 566 871 732 951; x_wconf 88' lang='lat' dir='ltr'>sperabat.</span> <span class='ocrx_word' id='word_1_56' title='bbox 768 872 868 934; x_wconf 91' lang='lat' dir='ltr'>Tales</span> <span class='ocrx_word' id='word_1_57' title='bbox 893 871 993 946; x_wconf 93' lang='lat' dir='ltr'>locos,</span> <span class='ocrx_word' id='word_1_58' title='bbox 1020 877 1074 953; x_wconf 92' lang='lat' dir='ltr'>qui</span> <span class='ocrx_word' id='word_1_59' title='bbox 1099 871 1210 933; x_wconf 86' lang='lat' dir='ltr'>faciles</span> <span class='ocrx_word' id='word_1_60' title='bbox 1228 881 1322 934; x_wconf 89' lang='lat' dir='ltr'>erant</span> <span class='ocrx_word' id='word_1_61' title='bbox 1338 874 1464 953; x_wconf 87' lang='lat' dir='ltr'>agnitu,</span> <span class='ocrx_word' id='word_1_62' title='bbox 1510 927 1513 942; x_wconf 75' lang='lat'>,</span> <span class='ocrx_word' id='word_1_63' title='bbox 1590 912 1592 921; x_wconf 89' lang='lat'>·</span> 
     </span>
    </p>
   </div>
   <div class='ocr_carea' id='block_1_6' title="bbox 170 978 1534 3851">
    <p class='ocr_par' dir='ltr' id='par_1_6' title="bbox 179 978 1464 1817">
     <span class='ocr_line' id='line_1_8' title="bbox 180 978 1462 1061; baseline 0.002 -22"><span class='ocrx_word' id='word_1_64' title='bbox 180 978 248 1040; x_wconf 88' lang='lat' dir='ltr'>iam</span> <span class='ocrx_word' id='word_1_65' title='bbox 265 978 399 1054; x_wconf 89' lang='lat' dir='ltr'>Valesii,</span> <span class='ocrx_word' id='word_1_66' title='bbox 418 978 693 1059; x_wconf 91' lang='lat' dir='ltr'>Lindenbrogius,</span> <span class='ocrx_word' id='word_1_67' title='bbox 717 978 916 1055; x_wconf 90' lang='lat' dir='ltr'>Gronovius,</span> <span class='ocrx_word' id='word_1_68' title='bbox 935 980 1122 1061; x_wconf 83' lang='lat' dir='ltr'>Wagnerus</span> <span class='ocrx_word' id='word_1_69' title='bbox 1146 981 1462 1054; x_wconf 87' lang='lat' dir='ltr'>animadverterunt,</span> 
     </span>
     <span class='ocr_line' id='line_1_9' title="bbox 181 1085 1464 1167; baseline 0.002 -21"><span class='ocrx_word' id='word_1_70' title='bbox 181 1085 357 1147; x_wconf 85' lang='lat' dir='ltr'>artificiose</span> <span class='ocrx_word' id='word_1_71' title='bbox 381 1095 494 1148; x_wconf 89' lang='lat' dir='ltr'>autem</span> <span class='ocrx_word' id='word_1_72' title='bbox 513 1086 705 1148; x_wconf 91' lang='lat' dir='ltr'>reconditos</span> <span class='ocrx_word' id='word_1_73' title='bbox 723 1107 794 1149; x_wconf 89' lang='lat' dir='ltr'>esse</span> <span class='ocrx_word' id='word_1_74' title='bbox 811 1098 924 1150; x_wconf 91' lang='lat' dir='ltr'>nostra</span> <span class='ocrx_word' id='word_1_75' title='bbox 942 1089 1075 1150; x_wconf 91' lang='lat' dir='ltr'>demum</span> <span class='ocrx_word' id='word_1_76' title='bbox 1092 1095 1204 1149; x_wconf 89' lang='lat' dir='ltr'>aetate</span> <span class='ocrx_word' id='word_1_77' title='bbox 1220 1085 1464 1167; x_wconf 84' lang='lat' dir='ltr'>indagaverunt</span> 
     </span>
     <span class='ocr_line' id='line_1_10' title="bbox 181 1191 1464 1276; baseline -0.001 -21"><span class='ocrx_word' id='word_1_78' title='bbox 181 1214 200 1255; x_wconf 90' lang='lat' dir='ltr'>e</span> <span class='ocrx_word' id='word_1_79' title='bbox 224 1191 380 1255; x_wconf 85' lang='lat' dir='ltr'>Sallustio</span> <span class='ocrx_word' id='word_1_80' title='bbox 406 1202 440 1255; x_wconf 89' lang='lat' dir='ltr'>et</span> <span class='ocrx_word' id='word_1_81' title='bbox 465 1192 574 1256; x_wconf 90' lang='lat' dir='ltr'>Gellio</span> <span class='ocrx_word' id='word_1_82' title='bbox 598 1202 749 1274; x_wconf 92' lang='lat' dir='ltr'>sumptos</span> <span class='ocrx_word' id='word_1_83' title='bbox 771 1195 815 1257; x_wconf 91' lang='lat' dir='ltr'>M.</span> <span class='ocrx_word' id='word_1_84' title='bbox 834 1195 988 1257; x_wconf 88' lang='lat' dir='ltr'>Hertzius</span> <span class='ocrx_word' id='word_1_85' title='bbox 1006 1193 1068 1276; x_wconf 70' lang='lat' dir='ltr'>‚lde</span> <span class='ocrx_word' id='word_1_86' title='bbox 1084 1194 1196 1256; x_wconf 89' lang='lat' dir='ltr'>Amm.</span> <span class='ocrx_word' id='word_1_87' title='bbox 1222 1194 1324 1256; x_wconf 90' lang='lat' dir='ltr'>Marc.</span> <span class='ocrx_word' id='word_1_88' title='bbox 1348 1191 1464 1255; x_wconf 90' lang='lat' dir='ltr'>studiis</span> 
     </span>
     <span class='ocr_line' id='line_1_11' title="bbox 180 1299 1461 1386; baseline -0.002 -24"><span class='ocrx_word' id='word_1_89' title='bbox 180 1299 407 1374; x_wconf 89' lang='lat' dir='ltr'>Sallustianis,</span> <span class='ocrx_word' id='word_1_90' title='bbox 439 1300 504 1361; x_wconf 91' lang='lat' dir='ltr'>ind.</span> <span class='ocrx_word' id='word_1_91' title='bbox 530 1300 645 1363; x_wconf 94' lang='lat' dir='ltr'>scholl.</span> <span class='ocrx_word' id='word_1_92' title='bbox 671 1301 852 1366; x_wconf 88' lang='lat' dir='ltr'>Vratislav.</span> <span class='ocrx_word' id='word_1_93' title='bbox 882 1307 983 1386; x_wconf 87' lang='lat'>1874,</span> <span class='ocrx_word' id='word_1_94' title='bbox 1016 1303 1057 1363; x_wconf 91' lang='lat' dir='ltr'>de</span> <span class='ocrx_word' id='word_1_95' title='bbox 1082 1301 1124 1363; x_wconf 83' lang='lat' dir='ltr'>A.</span> <span class='ocrx_word' id='word_1_96' title='bbox 1151 1299 1260 1363; x_wconf 90' lang='lat' dir='ltr'>Gellio</span> <span class='ocrx_word' id='word_1_97' title='bbox 1293 1308 1326 1361; x_wconf 90' lang='lat' dir='ltr'>et</span> <span class='ocrx_word' id='word_1_98' title='bbox 1350 1299 1461 1361; x_wconf 87' lang='lat' dir='ltr'>Amm.</span> 
     </span>
     <span class='ocr_line' id='line_1_12' title="bbox 180 1405 1463 1492; baseline -0.002 -23"><span class='ocrx_word' id='word_1_99' title='bbox 180 1405 392 1482; x_wconf 80' lang='lat' dir='ltr'>Marcellino,</span> <span class='ocrx_word' id='word_1_100' title='bbox 425 1408 538 1471; x_wconf 88' lang='lat' dir='ltr'>Herm.</span> <span class='ocrx_word' id='word_1_101' title='bbox 564 1408 661 1482; x_wconf 84' lang='lat' dir='ltr'>VIII,</span> <span class='ocrx_word' id='word_1_102' title='bbox 696 1409 811 1492; x_wconf 87' lang='grc'>1874),</span> <span class='ocrx_word' id='word_1_103' title='bbox 841 1430 859 1471; x_wconf 90' lang='lat' dir='ltr'>e</span> <span class='ocrx_word' id='word_1_104' title='bbox 883 1410 1002 1472; x_wconf 88' lang='lat' dir='ltr'>Tacito</span> <span class='ocrx_word' id='word_1_105' title='bbox 1023 1409 1091 1484; x_wconf 87' lang='lat' dir='ltr'>Ed.</span> <span class='ocrx_word' id='word_1_106' title='bbox 1117 1407 1304 1471; x_wconf 80' lang='lat' dir='ltr'>Wiilsflinus</span> <span class='ocrx_word' id='word_1_107' title='bbox 1328 1409 1463 1485; x_wconf 90' lang='lat' dir='ltr'>eiusque</span> 
     </span>
     <span class='ocr_line' id='line_1_13' title="bbox 179 1513 1461 1598; baseline -0.001 -23"><span class='ocrx_word' id='word_1_108' title='bbox 179 1514 313 1576; x_wconf 90' lang='lat' dir='ltr'>hortatu</span> <span class='ocrx_word' id='word_1_109' title='bbox 351 1513 516 1577; x_wconf 89' lang='lat' dir='ltr'>Gerberus</span> <span class='ocrx_word' id='word_1_110' title='bbox 552 1515 755 1598; x_wconf 89' lang='lat' dir='ltr'>(Philologus</span> <span class='ocrx_word' id='word_1_111' title='bbox 790 1517 921 1591; x_wconf 93' lang='lat' dir='ltr'>XXIX,</span> <span class='ocrx_word' id='word_1_112' title='bbox 962 1520 1022 1597; x_wconf 91' lang='grc'>558</span> <span class='ocrx_word' id='word_1_113' title='bbox 1058 1520 1130 1597; x_wconf 87' lang='lat' dir='ltr'>sq),</span> <span class='ocrx_word' id='word_1_114' title='bbox 1170 1535 1187 1577; x_wconf 91' lang='lat' dir='ltr'>e</span> <span class='ocrx_word' id='word_1_115' title='bbox 1224 1513 1385 1577; x_wconf 90' lang='lat' dir='ltr'>Cicerone</span> <span class='ocrx_word' id='word_1_116' title='bbox 1418 1513 1461 1575; x_wconf 93' lang='lat' dir='ltr'>H.</span> 
     </span>
     <span class='ocr_line' id='line_1_14' title="bbox 179 1611 1461 1703; baseline 0 -19"><span class='ocrx_word' id='word_1_117' title='bbox 179 1620 363 1684; x_wconf 89' lang='lat' dir='ltr'>Michaelus</span> <span class='ocrx_word' id='word_1_118' title='bbox 387 1619 445 1703; x_wconf 90' lang='lat' dir='ltr'>(de</span> <span class='ocrx_word' id='word_1_119' title='bbox 462 1621 574 1684; x_wconf 88' lang='lat' dir='ltr'>Amm.</span> <span class='ocrx_word' id='word_1_120' title='bbox 593 1625 694 1687; x_wconf 92' lang='lat' dir='ltr'>Marc.</span> <span class='ocrx_word' id='word_1_121' title='bbox 711 1625 827 1688; x_wconf 92' lang='lat' dir='ltr'>studiis</span> <span class='ocrx_word' id='word_1_122' title='bbox 845 1611 1079 1699; x_wconf 89' lang='lat' dir='ltr'>Ciceronianis,</span> <span class='ocrx_word' id='word_1_123' title='bbox 1106 1624 1181 1686; x_wconf 93' lang='lat' dir='ltr'>diss.</span> <span class='ocrx_word' id='word_1_124' title='bbox 1207 1623 1315 1702; x_wconf 83' lang='lat' dir='ltr'>inaug.</span> <span class='ocrx_word' id='word_1_125' title='bbox 1335 1621 1461 1684; x_wconf 83' lang='lat' dir='ltr'>Vratis-</span> 
     </span>
     <span class='ocr_line' id='line_1_15' title="bbox 179 1727 1461 1817; baseline 0.002 -28"><span class='ocrx_word' id='word_1_126' title='bbox 179 1727 244 1790; x_wconf 88' lang='lat' dir='ltr'>lav.</span> <span class='ocrx_word' id='word_1_127' title='bbox 266 1731 373 1808; x_wconf 84' lang='lat'>1874).</span> <span class='ocrx_word' id='word_1_128' title='bbox 414 1729 590 1793; x_wconf 87' lang='lat' dir='ltr'>Praeterea</span> <span class='ocrx_word' id='word_1_129' title='bbox 608 1734 708 1794; x_wconf 91' lang='lat' dir='ltr'>etiam</span> <span class='ocrx_word' id='word_1_130' title='bbox 725 1732 807 1817; x_wconf 87' lang='lat' dir='ltr'>alios</span> <span class='ocrx_word' id='word_1_131' title='bbox 831 1733 1010 1814; x_wconf 90' lang='lat' dir='ltr'>scriptores</span> <span class='ocrx_word' id='word_1_132' title='bbox 1027 1731 1214 1812; x_wconf 91' lang='lat' dir='ltr'>exscriptos</span> <span class='ocrx_word' id='word_1_133' title='bbox 1232 1750 1303 1792; x_wconf 91' lang='lat' dir='ltr'>esse</span> <span class='ocrx_word' id='word_1_134' title='bbox 1320 1739 1461 1792; x_wconf 90' lang='lat' dir='ltr'>constat.</span> 
     </span>
    </p>

    <p class='ocr_par' dir='ltr' id='par_1_7' title="bbox 170 1835 1534 3188">
     <span class='ocr_line' id='line_1_16' title="bbox 268 1835 1461 1921; baseline 0.001 -22"><span class='ocrx_word' id='word_1_135' title='bbox 268 1835 334 1899; x_wconf 89' lang='lat' dir='ltr'>Sed</span> <span class='ocrx_word' id='word_1_136' title='bbox 365 1856 568 1917; x_wconf 89' lang='lat' dir='ltr'>quamquam</span> <span class='ocrx_word' id='word_1_137' title='bbox 599 1838 763 1921; x_wconf 90' lang='lat' dir='ltr'>permulta</span> <span class='ocrx_word' id='word_1_138' title='bbox 793 1840 895 1903; x_wconf 91' lang='lat' dir='ltr'>verba</span> <span class='ocrx_word' id='word_1_139' title='bbox 928 1859 971 1902; x_wconf 91' lang='lat' dir='ltr'>ex</span> <span class='ocrx_word' id='word_1_140' title='bbox 995 1838 1067 1916; x_wconf 86' lang='lat' dir='ltr'>aliis</span> <span class='ocrx_word' id='word_1_141' title='bbox 1089 1836 1304 1920; x_wconf 89' lang='lat' dir='ltr'>scriptoribus</span> <span class='ocrx_word' id='word_1_142' title='bbox 1328 1847 1461 1918; x_wconf 91' lang='lat' dir='ltr'>sumpta</span> 
     </span>
     <span class='ocr_line' id='line_1_17' title="bbox 180 1925 1461 2026; baseline 0 -21"><span class='ocrx_word' id='word_1_143' title='bbox 180 1963 251 2005; x_wconf 89' lang='lat' dir='ltr'>esse</span> <span class='ocrx_word' id='word_1_144' title='bbox 280 1925 436 2025; x_wconf 85' lang='lat' dir='ltr'>apparet,</span> <span class='ocrx_word' id='word_1_145' title='bbox 469 1953 582 2008; x_wconf 92' lang='lat' dir='ltr'>tamen</span> <span class='ocrx_word' id='word_1_146' title='bbox 614 1946 837 2010; x_wconf 87' lang='lat' dir='ltr'>elocutionem</span> <span class='ocrx_word' id='word_1_147' title='bbox 862 1946 1033 2011; x_wconf 89' lang='lat' dir='ltr'>Ammiani</span> <span class='ocrx_word' id='word_1_148' title='bbox 1064 1945 1234 2026; x_wconf 88' lang='lat' dir='ltr'>propriam</span> <span class='ocrx_word' id='word_1_149' title='bbox 1268 1965 1339 2008; x_wconf 90' lang='lat' dir='ltr'>esse</span> <span class='ocrx_word' id='word_1_150' title='bbox 1362 1964 1461 2006; x_wconf 92' lang='lat' dir='ltr'>nemo</span> 
     </span>
     <span class='ocr_line' id='line_1_18' title="bbox 177 2050 1461 2134; baseline 0.002 -22"><span class='ocrx_word' id='word_1_151' title='bbox 177 2050 286 2114; x_wconf 86' lang='lat' dir='ltr'>adhuc</span> <span class='ocrx_word' id='word_1_152' title='bbox 310 2052 456 2132; x_wconf 91' lang='lat' dir='ltr'>negavit.</span> <span class='ocrx_word' id='word_1_153' title='bbox 494 2051 595 2133; x_wconf 81' lang='lat' dir='ltr'>Quod</span> <span class='ocrx_word' id='word_1_154' title='bbox 612 2062 645 2116; x_wconf 96' lang='lat' dir='ltr'>et</span> <span class='ocrx_word' id='word_1_155' title='bbox 663 2053 816 2116; x_wconf 88' lang='lat' dir='ltr'>Hertzius</span> <span class='ocrx_word' id='word_1_156' title='bbox 834 2055 988 2117; x_wconf 90' lang='lat' dir='ltr'>concedit</span> <span class='ocrx_word' id='word_1_157' title='bbox 1005 2054 1026 2116; x_wconf 94' lang='lat' dir='ltr'>l.</span> <span class='ocrx_word' id='word_1_158' title='bbox 1043 2075 1069 2116; x_wconf 95' lang='lat' dir='ltr'>c.</span> <span class='ocrx_word' id='word_1_159' title='bbox 1088 2074 1164 2134; x_wconf 89' lang='lat' dir='ltr'>pag.</span> <span class='ocrx_word' id='word_1_160' title='bbox 1183 2053 1247 2131; x_wconf 84' lang='lat'>265</span> <span class='ocrx_word' id='word_1_161' title='bbox 1266 2060 1300 2113; x_wconf 94' lang='lat' dir='ltr'>et</span> <span class='ocrx_word' id='word_1_162' title='bbox 1317 2052 1461 2115; x_wconf 89' lang='lat' dir='ltr'>Hassen·</span> 
     </span>
     <span class='ocr_line' id='line_1_19' title="bbox 170 2159 1460 2241; baseline 0.002 -21"><span class='ocrx_word' id='word_1_163' title='bbox 170 2159 300 2220; x_wconf 83' lang='lat' dir='ltr'>‘steinus</span> <span class='ocrx_word' id='word_1_164' title='bbox 332 2159 386 2236; x_wconf 86' lang='lat' dir='ltr'>(de</span> <span class='ocrx_word' id='word_1_165' title='bbox 418 2161 555 2241; x_wconf 89' lang='lat' dir='ltr'>syntaxi</span> <span class='ocrx_word' id='word_1_166' title='bbox 579 2161 750 2224; x_wconf 88' lang='lat' dir='ltr'>Ammiani</span> <span class='ocrx_word' id='word_1_167' title='bbox 776 2159 976 2235; x_wconf 90' lang='lat' dir='ltr'>Marcellini,</span> <span class='ocrx_word' id='word_1_168' title='bbox 1010 2160 1084 2221; x_wconf 87' lang='lat' dir='ltr'>diss.</span> <span class='ocrx_word' id='word_1_169' title='bbox 1110 2159 1237 2240; x_wconf 80' lang='lat' dir='ltr'>inaug,</span> <span class='ocrx_word' id='word_1_170' title='bbox 1269 2161 1460 2241; x_wconf 90' lang='lat' dir='ltr'>Regimonti</span> 
     </span>
     <span class='ocr_line' id='line_1_20' title="bbox 182 2264 1460 2352; baseline 0.002 -26"><span class='ocrx_word' id='word_1_171' title='bbox 182 2269 277 2345; x_wconf 90' lang='grc'>1877)</span> <span class='ocrx_word' id='word_1_172' title='bbox 301 2275 392 2328; x_wconf 90' lang='lat' dir='ltr'>recte</span> <span class='ocrx_word' id='word_1_173' title='bbox 416 2268 494 2331; x_wconf 93' lang='lat' dir='ltr'>dicit</span> <span class='ocrx_word' id='word_1_174' title='bbox 511 2269 562 2331; x_wconf 91' lang='lat' dir='ltr'>his</span> <span class='ocrx_word' id='word_1_175' title='bbox 579 2268 689 2331; x_wconf 90' lang='lat' dir='ltr'>verbis</span> <span class='ocrx_word' id='word_1_176' title='bbox 706 2275 794 2350; x_wconf 87' lang='lat' dir='ltr'>(pag.</span> <span class='ocrx_word' id='word_1_177' title='bbox 815 2272 865 2352; x_wconf 91' lang='lat'>2):</span> <span class='ocrx_word' id='word_1_178' title='bbox 891 2268 968 2344; x_wconf 90' lang='lat' dir='ltr'>„Ex</span> <span class='ocrx_word' id='word_1_179' title='bbox 993 2265 1147 2330; x_wconf 92' lang='lat' dir='ltr'>omnibus</span> <span class='ocrx_word' id='word_1_180' title='bbox 1171 2264 1233 2326; x_wconf 90' lang='lat' dir='ltr'>illis</span> <span class='ocrx_word' id='word_1_181' title='bbox 1259 2264 1349 2341; x_wconf 79' lang='lat' dir='ltr'>lociS,</span> <span class='ocrx_word' id='word_1_182' title='bbox 1376 2287 1460 2347; x_wconf 94' lang='lat' dir='ltr'>quos</span> 
     </span>
     <span class='ocr_line' id='line_1_21' title="bbox 178 2350 1534 2457; baseline 0.003 -24"><span class='ocrx_word' id='word_1_183' title='bbox 178 2392 197 2433; x_wconf 89' lang='lat' dir='ltr'>a</span> <span class='ocrx_word' id='word_1_184' title='bbox 220 2371 381 2435; x_wconf 87' lang='lat' dir='ltr'>Cicerone</span> <span class='ocrx_word' id='word_1_185' title='bbox 407 2374 515 2448; x_wconf 81' lang='lat' dir='ltr'>Gellio</span> <span class='ocrx_word' id='word_1_186' title='bbox 540 2375 696 2438; x_wconf 87' lang='lat' dir='ltr'>Sallustio</span> <span class='ocrx_word' id='word_1_187' title='bbox 721 2377 841 2439; x_wconf 88' lang='lat' dir='ltr'>Tacito</span> <span class='ocrx_word' id='word_1_188' title='bbox 864 2384 1014 2457; x_wconf 92' lang='lat' dir='ltr'>sumptos</span> <span class='ocrx_word' id='word_1_189' title='bbox 1044 2393 1116 2435; x_wconf 91' lang='lat' dir='ltr'>esse</span> <span class='ocrx_word' id='word_1_190' title='bbox 1147 2373 1461 2438; x_wconf 88' lang='lat' dir='ltr'>demonstraverunt</span> <span class='ocrx_word' id='word_1_191' title='bbox 1529 2350 1534 2371; x_wconf 53' lang='lat'><em>&#39;</em></span> 
     </span>
     <span class='ocr_line' id='line_1_22' title="bbox 178 2479 1459 2563; baseline 0.003 -23"><span class='ocrx_word' id='word_1_192' title='bbox 178 2479 330 2542; x_wconf 89' lang='lat' dir='ltr'>Hertzius</span> <span class='ocrx_word' id='word_1_193' title='bbox 347 2490 420 2555; x_wconf 93' lang='lat' dir='ltr'>cet.,</span> <span class='ocrx_word' id='word_1_194' title='bbox 447 2501 489 2543; x_wconf 91' lang='lat' dir='ltr'>ne</span> <span class='ocrx_word' id='word_1_195' title='bbox 509 2502 591 2544; x_wconf 93' lang='lat' dir='ltr'>unus</span> <span class='ocrx_word' id='word_1_196' title='bbox 617 2483 751 2563; x_wconf 91' lang='lat' dir='ltr'>quidem</span> <span class='ocrx_word' id='word_1_197' title='bbox 775 2484 879 2546; x_wconf 88' lang='lat' dir='ltr'>habet</span> <span class='ocrx_word' id='word_1_198' title='bbox 904 2485 1146 2563; x_wconf 90' lang='lat' dir='ltr'>proprietatem</span> <span class='ocrx_word' id='word_1_199' title='bbox 1170 2481 1392 2560; x_wconf 86' lang='lat' dir='ltr'>syntacticam</span> <span class='ocrx_word' id='word_1_200' title='bbox 1416 2481 1459 2544; x_wconf 88' lang='lat' dir='ltr'>ab</span> 
     </span>
     <span class='ocr_line' id='line_1_23' title="bbox 176 2586 1460 2676; baseline 0.005 -30"><span class='ocrx_word' id='word_1_201' title='bbox 176 2586 301 2667; x_wconf 90' lang='lat' dir='ltr'>reliqua</span> <span class='ocrx_word' id='word_1_202' title='bbox 331 2587 514 2676; x_wconf 63' lang='lat' dir='ltr'>Ammiani⁸</span> <span class='ocrx_word' id='word_1_203' title='bbox 532 2588 720 2652; x_wconf 88' lang='lat' dir='ltr'>elocutione</span> <span class='ocrx_word' id='word_1_204' title='bbox 752 2590 896 2653; x_wconf 86' lang='lat' dir='ltr'>alienam</span> <span class='ocrx_word' id='word_1_205' title='bbox 907 2597 936 2664; x_wconf 88' lang='lat'>,“</span> <span class='ocrx_word' id='word_1_206' title='bbox 973 2598 1006 2650; x_wconf 90' lang='lat' dir='ltr'>et</span> <span class='ocrx_word' id='word_1_207' title='bbox 1042 2587 1142 2669; x_wconf 89' lang='lat' dir='ltr'>paulo</span> <span class='ocrx_word' id='word_1_208' title='bbox 1168 2587 1266 2649; x_wconf 84' lang='lat' dir='ltr'>infra:</span> <span class='ocrx_word' id='word_1_209' title='bbox 1310 2593 1460 2665; x_wconf 83' lang='lat' dir='ltr'>„etiamsi</span> 
     </span>
     <span class='ocr_line' id='line_1_24' title="bbox 176 2693 1458 2779; baseline 0.003 -24"><span class='ocrx_word' id='word_1_210' title='bbox 176 2693 271 2756; x_wconf 80' lang='lat' dir='ltr'>uerbo</span> <span class='ocrx_word' id='word_1_211' title='bbox 295 2694 338 2756; x_wconf 92' lang='lat' dir='ltr'>ab</span> <span class='ocrx_word' id='word_1_212' title='bbox 363 2695 429 2757; x_wconf 92' lang='lat' dir='ltr'>alio</span> <span class='ocrx_word' id='word_1_213' title='bbox 454 2707 590 2759; x_wconf 85' lang='lat' dir='ltr'>auctore</span> <span class='ocrx_word' id='word_1_214' title='bbox 614 2698 721 2777; x_wconf 90' lang='lat' dir='ltr'>petita</span> <span class='ocrx_word' id='word_1_215' title='bbox 745 2706 830 2772; x_wconf 90' lang='lat' dir='ltr'>sunt,</span> <span class='ocrx_word' id='word_1_216' title='bbox 855 2700 1023 2762; x_wconf 78' lang='lat' dir='ltr'>structura</span> <span class='ocrx_word' id='word_1_217' title='bbox 1039 2695 1111 2776; x_wconf 84' lang='lat' dir='ltr'>ipsa</span> <span class='ocrx_word' id='word_1_218' title='bbox 1128 2695 1298 2758; x_wconf 88' lang='lat' dir='ltr'>Ammiani</span> <span class='ocrx_word' id='word_1_219' title='bbox 1317 2708 1367 2759; x_wconf 90' lang='lat' dir='ltr'>est</span> <span class='ocrx_word' id='word_1_220' title='bbox 1385 2718 1458 2779; x_wconf 77' lang='lat' dir='ltr'>pro</span> 
     </span>
     <span class='ocr_line' id='line_1_25' title="bbox 176 2802 1458 2884; baseline 0.005 -24"><span class='ocrx_word' id='word_1_221' title='bbox 176 2804 278 2880; x_wconf 87' lang='lat' dir='ltr'>pria“.</span> <span class='ocrx_word' id='word_1_222' title='bbox 323 2802 439 2882; x_wconf 88' lang='lat' dir='ltr'>Atque</span> <span class='ocrx_word' id='word_1_223' title='bbox 464 2802 552 2879; x_wconf 91' lang='lat' dir='ltr'>illud,</span> <span class='ocrx_word' id='word_1_224' title='bbox 580 2806 671 2884; x_wconf 92' lang='lat' dir='ltr'>quod</span> <span class='ocrx_word' id='word_1_225' title='bbox 696 2805 727 2866; x_wconf 93' lang='lat' dir='ltr'>in</span> <span class='ocrx_word' id='word_1_226' title='bbox 753 2810 941 2868; x_wconf 92' lang='lat' dir='ltr'>universum</span> <span class='ocrx_word' id='word_1_227' title='bbox 966 2824 1004 2865; x_wconf 93' lang='lat' dir='ltr'>ac</span> <span class='ocrx_word' id='word_1_228' title='bbox 1029 2803 1147 2865; x_wconf 92' lang='lat' dir='ltr'>leviter</span> <span class='ocrx_word' id='word_1_229' title='bbox 1171 2803 1329 2866; x_wconf 91' lang='lat' dir='ltr'>iudicanti</span> <span class='ocrx_word' id='word_1_230' title='bbox 1353 2804 1458 2867; x_wconf 90' lang='lat' dir='ltr'>videri</span> 
     </span>
     <span class='ocr_line' id='line_1_26' title="bbox 177 2909 1458 2992; baseline 0.004 -23"><span class='ocrx_word' id='word_1_231' title='bbox 177 2917 303 2988; x_wconf 90' lang='lat' dir='ltr'>potest,</span> <span class='ocrx_word' id='word_1_232' title='bbox 334 2909 551 2972; x_wconf 89' lang='lat' dir='ltr'>Ammianum</span> <span class='ocrx_word' id='word_1_233' title='bbox 574 2915 726 2992; x_wconf 89' lang='lat' dir='ltr'>syntaxis</span> <span class='ocrx_word' id='word_1_234' title='bbox 750 2923 841 2975; x_wconf 90' lang='lat' dir='ltr'>certa</span> <span class='ocrx_word' id='word_1_235' title='bbox 866 2915 995 2975; x_wconf 89' lang='lat' dir='ltr'>ratione</span> <span class='ocrx_word' id='word_1_236' title='bbox 1020 2915 1156 2974; x_wconf 92' lang='lat' dir='ltr'>omnino</span> <span class='ocrx_word' id='word_1_237' title='bbox 1187 2912 1345 2986; x_wconf 88' lang='lat' dir='ltr'>caruisse,</span> <span class='ocrx_word' id='word_1_238' title='bbox 1376 2912 1458 2974; x_wconf 91' lang='lat' dir='ltr'>ialso</span> 
     </span>
     <span class='ocr_line' id='line_1_27' title="bbox 176 3016 1458 3101; baseline 0.005 -25"><span class='ocrx_word' id='word_1_239' title='bbox 176 3016 292 3096; x_wconf 91' lang='lat' dir='ltr'>putari,</span> <span class='ocrx_word' id='word_1_240' title='bbox 318 3036 392 3078; x_wconf 91' lang='lat' dir='ltr'>cum</span> <span class='ocrx_word' id='word_1_241' title='bbox 417 3019 579 3098; x_wconf 90' lang='lat' dir='ltr'>prioribus</span> <span class='ocrx_word' id='word_1_242' title='bbox 604 3019 893 3083; x_wconf 88' lang='lat' dir='ltr'>dissertationibus</span> <span class='ocrx_word' id='word_1_243' title='bbox 918 3019 1097 3101; x_wconf 90' lang='lat' dir='ltr'>probatum</span> <span class='ocrx_word' id='word_1_244' title='bbox 1121 3029 1172 3082; x_wconf 90' lang='lat' dir='ltr'>est</span> <span class='ocrx_word' id='word_1_245' title='bbox 1196 3028 1266 3081; x_wconf 95' lang='lat' dir='ltr'>tum</span> <span class='ocrx_word' id='word_1_246' title='bbox 1291 3021 1353 3082; x_wconf 91' lang='lat' dir='ltr'>hac</span> <span class='ocrx_word' id='word_1_247' title='bbox 1370 3039 1458 3082; x_wconf 91' lang='lat' dir='ltr'>com·</span> 
     </span>
     <span class='ocr_line' id='line_1_28' title="bbox 176 3124 662 3188; baseline 0.012 -6"><span class='ocrx_word' id='word_1_248' title='bbox 176 3127 381 3186; x_wconf 89' lang='lat' dir='ltr'>mentatione</span> <span class='ocrx_word' id='word_1_249' title='bbox 407 3124 528 3186; x_wconf 85' lang='lat' dir='ltr'>firmari</span> <span class='ocrx_word' id='word_1_250' title='bbox 554 3127 662 3188; x_wconf 92' lang='lat' dir='ltr'>velim.</span> 
     </span>
    </p>

    <p class='ocr_par' dir='ltr' id='par_1_8' title="bbox 171 3231 1460 3851">
     <span class='ocr_line' id='line_1_29' title="bbox 261 3231 1460 3318; baseline 0.005 -26"><span class='ocrx_word' id='word_1_251' title='bbox 261 3231 342 3311; x_wconf 88' lang='lat' dir='ltr'>Egit</span> <span class='ocrx_word' id='word_1_252' title='bbox 377 3235 465 3293; x_wconf 90' lang='lat' dir='ltr'>enim</span> <span class='ocrx_word' id='word_1_253' title='bbox 501 3233 542 3294; x_wconf 89' lang='lat' dir='ltr'>de</span> <span class='ocrx_word' id='word_1_254' title='bbox 578 3237 713 3314; x_wconf 87' lang='lat' dir='ltr'>syntaxi</span> <span class='ocrx_word' id='word_1_255' title='bbox 751 3234 952 3296; x_wconf 87' lang='lat' dir='ltr'>Ammianea</span> <span class='ocrx_word' id='word_1_256' title='bbox 987 3236 1111 3313; x_wconf 90' lang='lat' dir='ltr'>primus</span> <span class='ocrx_word' id='word_1_257' title='bbox 1142 3231 1185 3295; x_wconf 90' lang='lat' dir='ltr'>H.</span> <span class='ocrx_word' id='word_1_258' title='bbox 1217 3233 1460 3318; x_wconf 73' lang='lat' dir='ltr'>Kallenberpus</span> 
     </span>
     <span class='ocr_line' id='line_1_30' title="bbox 173 3334 1458 3424; baseline 0.004 -26"><span class='ocrx_word' id='word_1_259' title='bbox 173 3334 316 3418; x_wconf 88' lang='lat' dir='ltr'>(quaest.</span> <span class='ocrx_word' id='word_1_260' title='bbox 349 3357 488 3419; x_wconf 88' lang='lat' dir='ltr'>gramm.</span> <span class='ocrx_word' id='word_1_261' title='bbox 515 3339 751 3416; x_wconf 90' lang='lat' dir='ltr'>Ammianeae,</span> <span class='ocrx_word' id='word_1_262' title='bbox 784 3340 894 3402; x_wconf 88' lang='lat' dir='ltr'>Halae</span> <span class='ocrx_word' id='word_1_263' title='bbox 922 3340 1021 3424; x_wconf 88' lang='lat'>1868)</span> <span class='ocrx_word' id='word_1_264' title='bbox 1054 3350 1088 3403; x_wconf 87' lang='lat' dir='ltr'>et</span> <span class='ocrx_word' id='word_1_265' title='bbox 1122 3338 1255 3421; x_wconf 91' lang='lat' dir='ltr'>quidem</span> <span class='ocrx_word' id='word_1_266' title='bbox 1287 3361 1380 3403; x_wconf 93' lang='lat' dir='ltr'>usum</span> <span class='ocrx_word' id='word_1_267' title='bbox 1412 3343 1458 3404; x_wconf 93' lang='lat' dir='ltr'>in-</span> 
     </span>
     <span class='ocr_line' id='line_1_31' title="bbox 173 3443 1459 3530; baseline 0.005 -26"><span class='ocrx_word' id='word_1_268' title='bbox 173 3443 291 3506; x_wconf 86' lang='lat' dir='ltr'>finitivi</span> <span class='ocrx_word' id='word_1_269' title='bbox 328 3457 361 3506; x_wconf 90' lang='lat' dir='ltr'>et</span> <span class='ocrx_word' id='word_1_270' title='bbox 398 3444 579 3525; x_wconf 90' lang='lat' dir='ltr'>particulae</span> <span class='ocrx_word' id='word_1_271' title='bbox 615 3447 752 3528; x_wconf 80' lang='lat' dir='ltr'>„qv0d“</span> <span class='ocrx_word' id='word_1_272' title='bbox 783 3451 966 3510; x_wconf 90' lang='lat' dir='ltr'>accuratius</span> <span class='ocrx_word' id='word_1_273' title='bbox 1002 3448 1185 3510; x_wconf 91' lang='lat' dir='ltr'>illustravit.</span> <span class='ocrx_word' id='word_1_274' title='bbox 1249 3448 1459 3530; x_wconf 89' lang='lat' dir='ltr'>Singularem</span> 
     </span>
     <span class='ocr_line' id='line_1_32' title="bbox 172 3554 1458 3640; baseline 0.006 -26"><span class='ocrx_word' id='word_1_275' title='bbox 172 3557 421 3634; x_wconf 92' lang='lat' dir='ltr'>usurpationem</span> <span class='ocrx_word' id='word_1_276' title='bbox 445 3555 618 3633; x_wconf 90' lang='lat' dir='ltr'>gerundivi</span> <span class='ocrx_word' id='word_1_277' title='bbox 643 3555 717 3616; x_wconf 92' lang='lat' dir='ltr'>loco</span> <span class='ocrx_word' id='word_1_278' title='bbox 749 3555 912 3636; x_wconf 91' lang='lat' dir='ltr'>participii</span> <span class='ocrx_word' id='word_1_279' title='bbox 942 3555 1038 3617; x_wconf 86' lang='lat' dir='ltr'>futuri</span> <span class='ocrx_word' id='word_1_280' title='bbox 1070 3557 1192 3636; x_wconf 90' lang='lat' dir='ltr'>passivi</span> <span class='ocrx_word' id='word_1_281' title='bbox 1218 3554 1256 3619; x_wconf 92' lang='lat' dir='ltr'>P.</span> <span class='ocrx_word' id='word_1_282' title='bbox 1280 3556 1458 3640; x_wconf 81' lang='lat' dir='ltr'>Lanyenvs</span> 
     </span>
     <span class='ocr_line' id='line_1_33' title="bbox 171 3659 1457 3747; baseline 0.005 -26"><span class='ocrx_word' id='word_1_283' title='bbox 171 3659 300 3736; x_wconf 84' lang='lat' dir='ltr'>(Philol.</span> <span class='ocrx_word' id='word_1_284' title='bbox 325 3661 455 3735; x_wconf 91' lang='lat' dir='ltr'>XXIX,</span> <span class='ocrx_word' id='word_1_285' title='bbox 488 3665 551 3738; x_wconf 86' lang='lat'>482</span> <span class='ocrx_word' id='word_1_286' title='bbox 584 3667 672 3743; x_wconf 90' lang='lat' dir='ltr'>sqq.)</span> <span class='ocrx_word' id='word_1_287' title='bbox 704 3664 898 3726; x_wconf 90' lang='lat' dir='ltr'>observavit</span> <span class='ocrx_word' id='word_1_288' title='bbox 922 3661 1139 3744; x_wconf 91' lang='lat' dir='ltr'>collectisque</span> <span class='ocrx_word' id='word_1_289' title='bbox 1163 3665 1327 3746; x_wconf 90' lang='lat' dir='ltr'>exemplis</span> <span class='ocrx_word' id='word_1_290' title='bbox 1353 3666 1457 3747; x_wconf 93' lang='lat' dir='ltr'>expli·</span> 
     </span>
     <span class='ocr_line' id='line_1_34' title="bbox 171 3768 1457 3851; baseline 0.008 -24"><span class='ocrx_word' id='word_1_291' title='bbox 171 3770 268 3828; x_wconf 90' lang='lat' dir='ltr'>cavit.</span> <span class='ocrx_word' id='word_1_292' title='bbox 316 3768 441 3829; x_wconf 88' lang='lat' dir='ltr'>Totam</span> <span class='ocrx_word' id='word_1_293' title='bbox 474 3771 625 3847; x_wconf 92' lang='lat' dir='ltr'>syntaxis</span> <span class='ocrx_word' id='word_1_294' title='bbox 658 3772 832 3832; x_wconf 88' lang='lat' dir='ltr'>materiam</span> <span class='ocrx_word' id='word_1_295' title='bbox 863 3779 941 3832; x_wconf 93' lang='lat' dir='ltr'>octo</span> <span class='ocrx_word' id='word_1_296' title='bbox 971 3772 1065 3833; x_wconf 91' lang='lat' dir='ltr'>annis</span> <span class='ocrx_word' id='word_1_297' title='bbox 1095 3780 1173 3851; x_wconf 90' lang='lat' dir='ltr'>post</span> <span class='ocrx_word' id='word_1_298' title='bbox 1202 3769 1457 3838; x_wconf 79' lang='lat' dir='ltr'>Hassenstcinus</span> 
     </span>
    </p>
   </div>
   <div class='ocr_carea' id='block_1_7' title="bbox 70 3873 1571 3960">
    <p class='ocr_par' dir='ltr' id='par_1_9' title="bbox 70 3873 1571 3960">
     <span class='ocr_line' id='line_1_35' title="bbox 70 3873 1571 3960; baseline 0.007 -27"><span class='ocrx_word' id='word_1_299' title='bbox 70 3951 73 3960; x_wconf 84' lang='lat'>.</span> <span class='ocrx_word' id='word_1_300' title='bbox 171 3873 346 3956; x_wconf 89' lang='lat' dir='ltr'>amplexus</span> <span class='ocrx_word' id='word_1_301' title='bbox 371 3883 439 3948; x_wconf 88' lang='lat' dir='ltr'>est,</span> <span class='ocrx_word' id='word_1_302' title='bbox 472 3875 531 3936; x_wconf 93' lang='lat' dir='ltr'>sed</span> <span class='ocrx_word' id='word_1_303' title='bbox 556 3896 630 3938; x_wconf 93' lang='lat' dir='ltr'>cum</span> <span class='ocrx_word' id='word_1_304' title='bbox 655 3877 736 3940; x_wconf 89' lang='lat' dir='ltr'>alias</span> <span class='ocrx_word' id='word_1_305' title='bbox 761 3873 873 3959; x_wconf 84' lang='lat' dir='ltr'>par&#39;tes</span> <span class='ocrx_word' id='word_1_306' title='bbox 898 3878 1003 3959; x_wconf 89' lang='lat' dir='ltr'>magis</span> <span class='ocrx_word' id='word_1_307' title='bbox 1026 3881 1139 3959; x_wconf 87' lang='lat' dir='ltr'>attigit</span> <span class='ocrx_word' id='word_1_308' title='bbox 1163 3899 1263 3959; x_wconf 91' lang='lat' dir='ltr'>quam</span> <span class='ocrx_word' id='word_1_309' title='bbox 1288 3881 1457 3960; x_wconf 90' lang='lat' dir='ltr'>inquisivit</span> <span class='ocrx_word' id='word_1_310' title='bbox 1568 3881 1571 3888; x_wconf 56' lang='lat'><strong>⁴</strong></span> 
     </span>
    </p>
   </div>
   <div class='ocr_carea' id='block_1_8' title="bbox 170 3980 1459 4390">
    <p class='ocr_par' dir='ltr' id='par_1_10' title="bbox 170 3980 1459 4390">
     <span class='ocr_line' id='line_1_36' title="bbox 170 3980 1459 4069; baseline 0.006 -27"><span class='ocrx_word' id='word_1_311' title='bbox 170 3989 240 4042; x_wconf 90' lang='lat' dir='ltr'>tum</span> <span class='ocrx_word' id='word_1_312' title='bbox 272 3983 314 4043; x_wconf 89' lang='lat' dir='ltr'>de</span> <span class='ocrx_word' id='word_1_313' title='bbox 344 3980 521 4044; x_wconf 93' lang='lat' dir='ltr'>modorum</span> <span class='ocrx_word' id='word_1_314' title='bbox 552 4004 627 4058; x_wconf 88' lang='lat' dir='ltr'>usu,</span> <span class='ocrx_word' id='word_1_315' title='bbox 659 4004 733 4045; x_wconf 92' lang='lat' dir='ltr'>cum</span> <span class='ocrx_word' id='word_1_316' title='bbox 769 4006 843 4048; x_wconf 91' lang='lat' dir='ltr'>eum</span> <span class='ocrx_word' id='word_1_317' title='bbox 867 3987 1060 4048; x_wconf 89' lang='lat' dir='ltr'>brevissime</span> <span class='ocrx_word' id='word_1_318' title='bbox 1083 3985 1115 4063; x_wconf 92' lang='lat' dir='ltr'>(l.</span> <span class='ocrx_word' id='word_1_319' title='bbox 1140 4007 1167 4048; x_wconf 92' lang='lat' dir='ltr'>c.</span> <span class='ocrx_word' id='word_1_320' title='bbox 1193 4007 1269 4069; x_wconf 86' lang='lat' dir='ltr'>pag.</span> <span class='ocrx_word' id='word_1_321' title='bbox 1296 3990 1459 4068; x_wconf 80' lang='lat'><strong>37—46&#39;)</strong></span> 
     </span>
     <span class='ocr_line' id='line_1_37' title="bbox 170 4080 1458 4165; baseline 0.011 -16"><span class='ocrx_word' id='word_1_322' title='bbox 170 4088 371 4165; x_wconf 90' lang='lat' dir='ltr'>absolveret,</span> <span class='ocrx_word' id='word_1_323' title='bbox 398 4107 465 4150; x_wconf 91' lang='lat' dir='ltr'>non</span> <span class='ocrx_word' id='word_1_324' title='bbox 489 4091 569 4152; x_wconf 90' lang='lat' dir='ltr'>satis</span> <span class='ocrx_word' id='word_1_325' title='bbox 586 4080 740 4155; x_wconf 85' lang='lat' dir='ltr'>accurate</span> <span class='ocrx_word' id='word_1_326' title='bbox 758 4093 917 4156; x_wconf 91' lang='lat' dir='ltr'>disseruit.</span> <span class='ocrx_word' id='word_1_327' title='bbox 958 4093 1096 4155; x_wconf 89' lang='lat' dir='ltr'>Postero</span> <span class='ocrx_word' id='word_1_328' title='bbox 1114 4113 1202 4156; x_wconf 93' lang='lat' dir='ltr'>anno</span> <span class='ocrx_word' id='word_1_329' title='bbox 1219 4093 1458 4163; x_wconf 76' lang='lat' dir='ltr'>Dedericirsius</span> 
     </span>
     <span class='ocr_line' id='line_1_38' title="bbox 170 4189 1453 4286; baseline 0.006 -29"><span class='ocrx_word' id='word_1_330' title='bbox 170 4196 272 4259; x_wconf 88' lang='lat' dir='ltr'>libelli</span> <span class='ocrx_word' id='word_1_331' title='bbox 288 4199 335 4258; x_wconf 92' lang='lat' dir='ltr'>sui</span> <span class='ocrx_word' id='word_1_332' title='bbox 353 4203 494 4278; x_wconf 90' lang='lat' dir='ltr'>(quaest.</span> <span class='ocrx_word' id='word_1_333' title='bbox 514 4199 735 4263; x_wconf 87' lang='lat' dir='ltr'>Ammianeae</span> <span class='ocrx_word' id='word_1_334' title='bbox 752 4206 988 4283; x_wconf 84' lang='lat' dir='ltr'>grammaticae</span> <span class='ocrx_word' id='word_1_335' title='bbox 1006 4212 1039 4264; x_wconf 90' lang='lat' dir='ltr'>et</span> <span class='ocrx_word' id='word_1_336' title='bbox 1063 4189 1204 4275; x_wconf 83' lang='lat' dir='ltr'>criticae,</span> <span class='ocrx_word' id='word_1_337' title='bbox 1232 4204 1306 4266; x_wconf 92' lang='lat' dir='ltr'>diss.</span> <span class='ocrx_word' id='word_1_338' title='bbox 1333 4203 1453 4286; x_wconf 76' lang='lat' dir='ltr'>inaug,</span> 
     </span>
     <span class='ocr_line' id='line_1_39' title="bbox 170 4305 1456 4390; baseline 0.007 -25"><span class='ocrx_word' id='word_1_339' title='bbox 170 4305 361 4368; x_wconf 88' lang='lat' dir='ltr'>Monasterii</span> <span class='ocrx_word' id='word_1_340' title='bbox 393 4309 488 4384; x_wconf 88' lang='lat'>1878)</span> <span class='ocrx_word' id='word_1_341' title='bbox 513 4313 619 4388; x_wconf 91' lang='lat' dir='ltr'>prima</span> <span class='ocrx_word' id='word_1_342' title='bbox 643 4319 738 4390; x_wconf 87' lang='lat' dir='ltr'>parte</span> <span class='ocrx_word' id='word_1_343' title='bbox 762 4310 948 4372; x_wconf 90' lang='lat' dir='ltr'>sententias</span> <span class='ocrx_word' id='word_1_344' title='bbox 972 4308 1229 4383; x_wconf 73' lang='lat' dir='ltr'>condicionales</span> <span class='ocrx_word' id='word_1_345' title='bbox 1263 4310 1369 4373; x_wconf 88' lang='lat' dir='ltr'>altera</span> <span class='ocrx_word' id='word_1_346' title='bbox 1392 4318 1456 4374; x_wconf 91' lang='lat' dir='ltr'>sin-</span> 
     </span>
    </p>
   </div>
   <div class='ocr_carea' id='block_1_9' title="bbox 0 0 1646 4918">
    <p class='ocr_par' dir='ltr' id='par_1_11' title="bbox 0 0 1646 4918">
     <span class='ocr_line' id='line_1_40' title="bbox 0 0 1646 4918; baseline 0 3"><span class='ocrx_word' id='word_1_347' title='bbox 0 0 1646 4918; x_wconf 95' lang='lat' dir='ltr'> </span> 
     </span>
    </p>
   </div>
  </div>
 </body>
</html>
