3282 4918
792 176 912 245 48ι

176 355 244 435 ΧΧ,
273 362 302 434 9,
329 361 364 421 9;
398 361 470 423 erat
493 357 632 441 suspicio
656 359 750 440 qood,
773 358 800 422 si
823 359 904 425 haec
927 364 1019 424 trans
1042 381 1132 425 mare
1156 359 1333 441 didicisset,
1358 382 1456 427 nova-

338 487 411 530 rum
434 485 542 530 rerum
566 465 725 530 materias
750 468 907 533 excitaret

176 571 292 649 XXIX,
320 576 349 652 6,
376 575 409 636 3:
435 570 579 638 addebat
595 623 602 636 .
617 624 624 638 .
638 626 645 641 .
660 625 667 638 .
684 576 776 657 qood,
800 575 827 640 si
842 595 943 659 parvo
962 596 1020 641 suo
1036 574 1250 641 Marcelliano
1275 564 1472 641 deferretur¹

335 683 481 762 potestas
519 699 578 761 per
609 679 773 745 Valeriam
811 681 922 759 ducis,
958 682 1196 748 munimentum
1230 681 1355 767 absque
1390 681 1458 748 ulla

337 787 526 852 causatione
552 793 764 870 concorporet.
1335 805 1339 812 ·

264 893 334 958 Non
361 915 521 977 expresse,
546 892 602 958 sed
625 894 782 978 implicite
807 900 899 961 extat
922 917 1035 962 sensus
1059 894 1292 960 condicionalis

173 999 259 1079 XIX,
282 1007 308 1078 l,
332 1006 367 1064 4:
394 1000 533 1066 caeleste
550 1022 668 1065 numen
682 1051 687 1063 .
745 1053 751 1066 .
768 1002 925 1086 adegerat
939 1003 972 1065 in
988 994 1180 1067 immensum
1196 1023 1230 1066 se
1247 1001 1458 1066 extollentem

333 1107 601 1191 credentemque,
635 1110 719 1192 qood
745 1109 812 1174 viso
844 1110 956 1178 statim
989 1109 1111 1174 obsessi
1143 1130 1253 1174 omnes
1284 1115 1373 1173 metu
1401 1130 1457 1173 ex-

333 1214 470 1279 animati
493 1214 655 1297 supplices
678 1217 827 1281 uenirent
848 1218 882 1280 in
905 1238 1018 1301 preces
1042 1217 1098 1303 (=
1124 1217 1151 1284 si
1173 1237 1207 1282 se
1235 1216 1392 1284 vidissent
1414 1255 1457 1263 —
1492 1258 1495 1263 -

334 1322 457 1387 obsessi
480 1321 681 1410 venirent)1)

242 1419 292 1497 Ι2.
317 1452 388 1495 com
413 1451 460 1508 eo,
483 1452 565 1515 (poue
588 1431 659 1514 quis
684 1431 771 1508 dicit,
796 1436 856 1497 out
876 1434 955 1514 [teto
978 1439 1063 1512 suot,
1087 1440 1124 1498 ut

174 1535 259 1616 XIV,
287 1542 337 1615 ll,
365 1542 419 1600 11:
446 1558 519 1602 eum
543 1537 705 1621 proficisci
729 1538 865 1621 pellexit
888 1590 959 1605 ....
986 1540 1175 1624 replicando
1195 1543 1279 1626 quod
1295 1593 1301 1606 .
1316 1591 1323 1605 .
1336 1591 1363 1606 ..
1381 1561 1457 1604 eum

333 1644 442 1709 videre
465 1637 568 1708 frater
592 1650 723 1728 cuperet
742 1646 901 1727 patruelis
918 1647 965 1732 (in
982 1648 1163 1713 enuntiatio
1185 1648 1334 1731 sequenti
1351 1648 1457 1712 varia·
1543 1631 1548 1638 ’

334 1751 431 1818 tionis
456 1773 555 1817 causa
581 1757 614 1816 et
644 1759 780 1834 propter
803 1773 931 1818 sensum
956 1755 1226 1838 condicionalem,
1259 1775 1458 1837 quamquam

334 1850 386 1926 res
409 1859 487 1926 ficta
510 1859 713 1926 adsciscendi
736 1860 834 1926 verbo
859 1861 913 1926 hic
936 1859 1148 1946 significatur,
1174 1863 1333 1928 adsciscet
1347 1861 1457 1944 legen-

335 1966 411 2031 dum
435 1971 503 2033 esse
527 1988 627 2051 supra
651 1967 953 2038 demonstravimus.

173 2073 264 2153 XVI,
298 2079 334 2158 b,
372 2080 406 2138 l:
436 2073 585 2139 instabat
615 2075 645 2139 ei
675 2080 917 2158 strepens
949 2082 982 2141 et
1005 2097 1145 2160 arguens
1170 2096 1296 2155 coram,
1328 2076 1456 2160 quoda

332 2183 482 2266 gregario
511 2183 554 2246 ad
585 2203 737 2265 magnum
767 2183 901 2248 militiae
931 2184 1059 2249 culmen
1090 2190 1219 2249 evectus
1347 2182 1457 2246 locum

335 2291 501 2374 adpeteret
522 2289 736 2372 principalem

96 2388 103 2398 “
174 2395 274 2474 ΧΧΧ,
298 2403 329 2477 4,
355 2401 391 2461 2:
425 2396 572 2462 Modesto
695 2395 876 2479 adserente,
900 2399 985 2482 qood
1005 2397 1092 2462 infra
1114 2396 1281 2480 imperiale
1305 2394 1454 2461 columen

334 2525 507 2570 causarum
531 2509 636 2572 essent
657 2504 813 2570 minutiae
837 2504 1049 2588 privatarum,
1074 2503 1129 2569 ille
1151 2502 1409 2571 ....abstinuIt.

336 2618 395 2684 aot
418 2613 518 2677 dotia
540 2619 650 2678 otram
672 2633 750 2678 uero
773 2614 840 2678 slot
862 2633 967 2690 necea
995 2612 1084 2677 velut
1298 2593 1303 2601 ’

174 2716 264 2794 XIX,
301 2728 350 2799 11,
386 2729 442 2786 13:
476 2719 599 2799 audIto,
628 2721 712 2803 qood
733 2717 776 2784 ad
806 2719 956 2784 ultimum
984 2740 1087 2803 paene
1114 2724 1239 2785 tractus
1263 2718 1398 2783 exitium
1422 2718 1455 2782 in

334 2825 475 2908 abrupto
499 2830 602 2891 staret
623 2825 731 2892 adhuc
754 2827 933 2908 imperator
958 2876 1033 2892 ....
1059 2827 1220 2892 exercitus
1247 2877 1252 2890 .
1273 2877 1279 2890 .
1297 2877 1329 2891 ..
1354 2830 1455 2890 semet

333 2932 483 2997 inmersit

174 3038 277 3119 XXII,
304 3047 333 3119 2,
361 3050 394 3105 1:
420 3039 579 3105 advenere
603 3034 673 3105 ...ζ
698 3040 799 3123 legati
825 3091 894 3107 ....
911 3040 1109 3120 nuntiantes,
1134 3040 1356 3125 addentesque
1371 3042 1454 3124 qood

334 3168 407 3210 eum
431 3167 509 3210 voce
532 3167 685 3229 suprema
709 3169 927 3212 successorem
951 3167 1029 3212 suae
1051 3148 1170 3228 fecerit
1191 3147 1365 3230 potestatis
1428 3209 1431 3218 ,

172 3252 276 3333 XXII,
303 3258 332 3334 6,
358 3257 393 3318 3:
420 3253 515 3318 iussit
538 3254 677 3318 transire
702 3253 918 3334 Chalcedona,
942 3253 1109 3338 pollicitus
1131 3257 1215 3340 qood
1236 3255 1304 3338 ipse
1326 3276 1454 3340 quoque

333 3361 482 3444 protinus
505 3359 667 3449 ceolretl)

173 3467 288 3546 XXIV,
314 3472 343 3547 8,
363 3473 397 3532 6:
425 3466 674 3533 arbitrabantur
691 3520 698 3533 .
713 3519 719 3532 .
736 3517 743 3534 .
760 3468 937 3534 adventare
953 3469 1020 3535 iam
1034 3474 1163 3536 nostros
1180 3471 1366 3536 rumoribus
1382 3491 1456 3554 per-

334 3577 425 3653 citos,
448 3578 533 3662 qood
546 3577 726 3660 imperator
744 3577 957 3661 Ctesiphonta
973 3579 1098 3661 magnis
1114 3578 1236 3645 viribus
1253 3585 1457 3664 oppopoaret

172 3683 323 3765 XXVIII,
354 3695 378 3764 l,
407 3693 463 3750 19:
488 3685 638 3768 proditus
661 3686 744 3769 qood
770 3735 841 3750 ....
861 3682 903 3749 ad
919 3684 1167 3750 sacrificandum
1185 3686 1226 3753 ab
1244 3684 1356 3751 eodem
1376 3691 1456 3751 esset

331 3791 477 3857 adscitus
501 3791 652 3876 Hymetio
771 3791 930 3877 pertinaci
954 3793 1098 3876 negabat
1121 3794 1277 3858 instantia

173 3897 289 3979 XXIX,
316 3903 346 3980 2,
371 3901 406 3963 9:
436 3898 612 3964 Eusebium
637 3904 670 3965 et
693 3899 872 3984 Hypatium
975 3899 1101 3979 detulit,
1127 3900 1251 3966 addens
1372 3901 1457 3985 qood

332 4006 473 4073 Eusebio
498 4008 597 4072 etiam
620 4006 813 4091 principalia
836 4006 1027 4072 indumenta
1049 4012 1173 4091 parata
1196 4009 1264 4072 slot

208 4260 230 4329 ¹)
249 4263 290 4312 De
308 4261 439 4312 hocloco
459 4260 505 4310 cfr.
524 4261 679 4310 Ehrismann
699 4277 761 4326 pag.
781 4272 823 4323 29.

207 4351 230 4419 2)
250 4354 291 4401 De
303 4353 354 4402 hoc
366 4352 519 4417 imperfecto
532 4353 691 4402 coniunctivi
704 4368 753 4417 pro
767 4352 853 4400 futuro
866 4358 952 4402 rectae
966 4351 1093 4402 orationis
1111 4349 1143 4400 cf.
1157 4350 1312 4400 Ehrismann
1332 4366 1393 4416 pag.
1413 4361 1453 4412 29.
