3282 4918
797 37 799 47 .
817 1 820 6 “
847 2 869 50 a,

704 149 915 246 „iam

171 325 337 390 Ammiani
352 323 437 394 buno
453 346 547 390 usum
569 348 633 390 non
650 327 744 392 nimis
760 347 779 390 a
795 347 942 390 sermone
959 326 1076 392 latino
1094 324 1231 390 alienam
1249 347 1316 390 esse
1332 328 1448 413 patet.)

169 433 231 497 Ille
257 437 365 497 autem
388 432 556 496 indicativi
580 429 682 496 futuri
699 433 806 498 exacti
822 453 900 497 usus
915 437 1028 496 manat
1041 454 1057 496 e
1071 430 1198 497 Graeca
1215 432 1458 504 consuetudine,

170 539 327 604 facillime
351 537 543 603 transeundi
566 540 600 601 in
625 560 653 603 o.
678 539 845 604 directam.
875 564 877 568 ¹

260 647 370 711 Etiam
400 645 631 711 Dederichsius
660 668 734 730 pag.
761 652 778 710 6
804 669 869 731 sq,
903 669 976 712 oum
1006 648 1076 731 agit
1107 648 1147 713 de
1175 653 1256 714 seut.
1287 648 1449 714 condicio-

169 753 301 818 nalibus
324 754 357 817 in
381 773 409 818 o.
435 775 480 833 oi,
510 775 616 836 pauca
640 753 703 819 buc
735 754 907 819 referenda
937 756 1086 838 exponit,
1118 776 1201 838 quae
1232 757 1341 821 omnia
1370 757 1450 820 mibi

168 860 354 946 probantur
376 867 509 944 praeter
531 859 565 924 id
591 860 679 943 quod
702 862 818 941 XXIX,
848 868 874 942 1,
901 868 919 927 6
944 883 1044 926 unum
1069 862 1253 945 exemplum
1277 884 1346 927 esse
1371 863 1451 928 dicit
1542 847 1556 858 ⁸

156 970 369 1036 'coniunctivi
400 969 537 1053 perfecti
567 990 627 1051 pro
659 967 972 1052 plusquamperfecti
1002 970 1205 1035 coniunctivo
1240 969 1274 1033 in
1311 976 1449 1036 sentent.

169 1077 296 1144 condic.
313 1075 462 1142 adhibiti.
497 1077 546 1141 De
563 1097 626 1160 quo
644 1076 708 1141 iam
726 1098 826 1159 supra
843 1074 1044 1158 disputatum
1070 1083 1134 1156 est3
1159 1077 1194 1141 id
1216 1082 1327 1141 autem
1350 1099 1450 1142 unum

173 1206 244 1250 esse
269 1185 335 1248 eius
360 1185 486 1268 generis
511 1183 691 1266 exemplum
717 1182 799 1247 falso
825 1183 977 1248 contendi
1001 1206 1041 1249 ex
1074 1185 1124 1264 iis,
1157 1205 1241 1268 quae
1264 1183 1361 1248 modo
1385 1185 1450 1248 dis-

169 1291 268 1372 serui,
296 1297 443 1375 apparet.

260 1397 497 1462 Ehrismannus
521 1403 686 1482 postremo
711 1420 794 1482 quae
818 1396 859 1464 de
891 1399 1041 1463 universa
1070 1397 1233 1463 Ammiani
1266 1405 1451 1483 temporum

170 1505 401 1572 consecutione
425 1504 550 1568 iudicat
563 1504 584 1569 l.
601 1526 627 1569 c.
644 1526 717 1588 pag.
738 1511 796 1569 39:
824 1507 882 1587 ,A.
906 1507 940 1568 in
964 1507 1149 1570 universum
1174 1528 1244 1570 eam
1266 1513 1450 1591 temporum

171 1612 431 1678 convenientiam
455 1611 617 1691 observat,
643 1633 740 1695 quam
765 1633 884 1678 aureae
908 1614 1027 1678 aetatis
1051 1614 1248 1696 scriptorum
1271 1616 1451 1682 auctoritas

170 1723 288 1788 statuit
312 1727 345 1786 et
368 1719 585 1802 confirmavit;
614 1742 679 1785 non
703 1743 778 1786 raro
802 1728 911 1786 tamen
937 1720 1055 1784 Graeci
1079 1721 1236 1785 sermonis
1259 1743 1353 1786 usum
1378 1743 1451 1788 ora-

170 1830 252 1895 tioni
275 1829 445 1908 immiscet,
470 1851 567 1912 saepe
590 1827 767 1914 uulgarem,
793 1827 957 1893 interdum
982 1829 1080 1893 etiam
1102 1827 1254 1910 proprias
1278 1828 1340 1892 sibi
1362 1828 1451 1913 leges

171 1936 379 2016 constituit,“
411 1936 510 2000 etiam
540 1935 574 1999 in
605 1956 633 1998 0.
658 1957 686 2000 o.
712 1935 830 2000 valent.
880 1936 925 2000 Ac
956 1958 996 2000 ne
1025 1935 1097 2000 loco
1130 1939 1180 2000 26.
1207 1941 1243 2014 4,
1276 1936 1451 2019 liquidem

171 2044 396 2110 coniunctivus
418 2043 611 2127 imperfecti,
638 2065 733 2125 quem
757 2042 851 2108 foede
874 2044 1044 2128 irrepsisse
1068 2065 1127 2125 pro
1151 2043 1318 2125 praesenti
1340 2065 1451 2127 repre-

171 2151 296 2230 hendit,
313 2149 415 2215 habet
431 2149 610 2234 quidquam
626 2150 812 2216 offensionis
829 2150 1061 2238 („iniectabat.
1074 2202 1098 2215 ..
1118 2149 1281 2215 causando
1298 2151 1386 2234 quod
1401 2203 1407 2215 .
1422 2203 1451 2217 ..

171 2259 253 2324 nihil
277 2257 409 2324 obstare
434 2258 568 2323 debebit
591 2281 655 2342 quo
679 2259 784 2322 minus
808 2279 847 2323 ea
871 2261 1126 2344 recuperaret“).

267 2365 464 2450 Singillatim
487 2371 597 2431 autem
622 2365 661 2430 de
684 2372 755 2430 tota
779 2387 814 2430 re
838 2367 903 2430 iam
928 2371 1053 2450 agetur.
1102 2365 1183 2430 Cum
1211 2366 1416 2448 grammatici
1427 2365 1451 2453 ¹)
1528 2400 1531 2409 ·

96 2550 98 2553 ¹
177 2475 319 2540 doceant
341 2475 448 2558 prima
471 2496 501 2557 q.
527 2474 557 2541 d.
583 2480 732 2556 tempora
755 2474 906 2557 ponenda
930 2496 1010 2552 esse,
1037 2496 1110 2539 cum
1134 2495 1151 2538 e
1175 2472 1340 2556 praesenti
1362 2472 1454 2536 verbi

171 2590 321 2666 tempore
344 2587 416 2646 tota
440 2581 545 2646 oratio
561 2580 713 2664 pendeat,
739 2582 891 2662 secunda,
916 2604 989 2646 cum
1004 2580 1095 2645 v'erbi
1111 2581 1290 2665 praeterito
1307 2585 1453 2663 tempore

173 2690 281 2754 oratio
297 2687 472 2767 inducitur,
497 2688 531 2751 in
548 2686 711 2753 Ammiani
728 2710 789 2752 usu
804 2689 1024 2771 perquirendo
1049 2688 1091 2754 ab
1115 2689 1177 2753 hoc
1194 2695 1334 2770 utroque
1358 2709 1452 2771 prae-

173 2802 267 2880 cepto
291 2795 455 2879 proficisci
480 2799 619 2879 oportet.

262 2967 385 3031 Itaque
408 2962 521 3032 primo
543 2964 619 3018 loco
644 2964 815 3032 agendum
839 2967 892 3020 est
915 2965 958 3020 de
981 2964 1025 3020 iis
1042 2965 1240 3030 enuntiatis,
1265 2977 1354 3030 quae
1370 2977 1452 3032 pen·

173 3075 257 3131 dent
280 3089 299 3129 e
322 3066 499 3142 praesenti
522 3074 690 3139 temporo,
715 3069 748 3128 et
772 3084 810 3127 ea
833 3063 965 3147 quidem
989 3064 1112 3129 babent

263 3190 299 3256 A.
324 3212 447 3255 meram
471 3194 647 3270 foraporam
665 3190 849 3270 primorum
872 3191 1133 3265 consecutionem,
1165 3209 1237 3254 cum
1268 3194 1347 3271 apta
1379 3192 1454 3251 sunt

334 3315 368 3401 a)
394 3338 432 3380 ca
457 3321 595 3399 tempore
619 3336 691 3379 ecre
711 3317 882 3395 praesenti

173 3441 243 3521 XX,
278 3446 325 3520 11,
359 3445 415 3504 29:
448 3440 655 3504 arbitrantur
686 3438 743 3504 alii
772 3444 850 3505 tunc
879 3438 970 3504 iridis
999 3439 1203 3504 formam...
1227 3458 1452 3520 apparere...

335 3568 408 3612 cum
432 3546 530 3612 altius
555 3545 684 3612 delatae
715 3546 794 3611 nubi
811 3568 942 3612 crassae
958 3545 1043 3611 radii
1059 3545 1136 3610 solis
1160 3544 1258 3608 infusi
1281 3543 1385 3608 lucem
1402 3545 1453 3608 ia-

334 3656 472 3720 ieccriot
493 3653 651 3737 liquidam

172 3763 243 3844 XX,
274 3768 320 3841 ll,
348 3767 406 3826 30:
444 3763 578 3845 lepitana
600 3783 697 3846 saepe
720 3763 800 3826 lrim
824 3762 864 3828 de
888 3762 977 3827 caelo
1001 3759 1103 3839 mitti,
1136 3780 1208 3823 cum
1232 3757 1456 3842 praesentium

333 3890 442 3932 rerum
466 3868 550 3933 verti
573 3890 699 3937 necesse
722 3871 766 3936 sit
789 3875 895 3934 status

174 3977 324 4056 XXVIII,
353 3983 380 4055 l,
402 3983 455 4040 15:
474 3978 622 4040 existimo
639 3976 777 4040 forsitan
794 3975 920 4058 aliquos
936 4027 941 4040 .
959 4026 985 4042 ..
1012 3979 1198 4058 strepentes
1211 3973 1247 4036 id
1264 3979 1376 4038 actum
1391 3989 1461 4032 esse

333 4084 433 4166 prius,
459 4104 524 4147 non
548 4082 639 4162 illud,
665 4088 722 4147 aut
746 4104 792 4161 ea,
818 4083 1077 4165 quaeritabant,
1101 4082 1344 4173 praetermissa

174 4241 386 4250 -———-————--

212 4322 233 4389 l)
254 4323 356 4386 Krilger
376 4320 392 4387 ἓ
413 4324 462 4386 654
481 4338 537 4386 sqq.
575 4321 684 4370 Kiihner
703 4318 720 4385 ξ
740 4319 785 4369 180
806 4336 870 4385 sqq,
892 4321 978 4370 ceteri.
