3282 4918
397 352 455 432 De
484 354 580 452 ipsa
609 352 818 435 Ammiani
848 357 1046 436 oratione
1076 353 1261 452 obliqua.

275 532 310 594 ln
336 531 572 596 conformanda
595 554 624 596 o.
650 555 679 597 o.
705 535 770 598 tria
794 535 925 598 omnino
950 531 1129 616 spectanda
1152 538 1244 596 sunt:

382 639 406 702 l.
434 635 587 717 Verbum,
613 637 702 722 quod
725 639 866 705 orationi
889 637 1093 705 inducendae
1116 639 1260 708 inservit.

367 746 410 810 II.
436 747 472 810 ln
496 747 568 830 ipsa
592 749 739 813 oratione

702 857 743 942 A)
769 857 960 934 Pronomen,

701 963 743 1048 Β)
768 963 923 1030 Verbum.

275 1072 311 1134 ln
335 1070 519 1136 tractandis
542 1071 592 1135 his
609 1070 715 1136 tribus
730 1071 882 1155 partibus
898 1071 997 1136 liceat
1012 1071 1092 1138 mihi
1108 1093 1157 1150 ea,
1182 1092 1267 1154 quae
1282 1092 1303 1135 a
1319 1072 1466 1152 priorum

181 1179 380 1262 scriptorum
403 1200 464 1242 usu
488 1199 553 1242 non
570 1177 759 1260 abhorrent,
785 1178 930 1243 breviter
945 1175 1124 1259 absolvere,
1149 1180 1183 1244 in
1199 1175 1399 1263 exponendis
1415 1177 1466 1257 iis,

182 1307 266 1370 quae
291 1284 426 1368 propria
450 1290 526 1350 sunt
551 1285 720 1366 Ammiani,
747 1286 870 1351 diutius
895 1286 1100 1351 commorari.

719 1471 932 1478 --—.·——-—.-

644 1583 717 1670 P
735 1601 785 1669 a
803 1603 837 1668 r
858 1599 899 1668 s
941 1579 1005 1666 1.

239 1752 300 1845 Dc
323 1749 487 1862 verbio,
511 1780 621 1874 quae
644 1747 842 1848 orationi
860 1751 1126 1846 inducendae
1148 1747 1415 1845 inserviunt.

184 1892 226 1945 u
292 1894 308 1945 :r

184 1940 232 2050 Ψ
258 1906 333 2067 ³pin
350 1989 422 2032 eam
438 1972 566 2052 partem
582 1969 610 2034 si
622 1969 863 2052 comparaveris
875 1968 972 2032 huius
984 1987 1094 2032 rerum
1107 1966 1276 2048 scriptoris
1290 1965 1466 2029 dictionem

184 2036 309 2142 Q
357 2097 429 2140 cum
454 2075 637 2160 prioribus,
669 2075 771 2142 multo
796 2076 952 2139 maiorem
977 2095 1075 2159 quam
1107 2074 1138 2138 in
1168 2073 1306 2158 singulis
1335 2072 1467 2136 illorum

181 2180 309 2263 copiam
334 2181 479 2246 invenies
501 2182 691 2262 verborum3
716 2189 792 2249 sunt
815 2184 900 2250 enim

271 2287 306 2375 a)
333 2290 497 2355 sentiendi
520 2296 553 2354 et
578 2290 709 2375 quidem

395 2397 430 2482 o)
451 2398 561 2462 iama
591 2397 758 2480 prioribus
790 2422 850 2468 scr.
884 2407 1059 2484 usurpata:
1093 2399 1269 2478 arbitrari,
1303 2403 1467 2484 reputare,

450 2504 675 2587 contemplari,
709 2507 878 2590 suspicari,
911 2507 1089 2590 ambigere,
1112 2514 1301 2586 autumare;
1332 2507 1467 2587 discere,

449 2631 654 2696 cognoscere,
665 2615 857 2698 comperire,
869 2615 1026 2698 accipere,
1039 2615 1169 2694 audire,
1184 2616 1292 2679 omina
1304 2614 1467 2697 colligere,

449 2720 554 2803 serpit
569 2721 668 2801 fama,
685 2742 833 2787 rumores
849 2721 1055 2802 differuntur,
1073 2723 1182 2806 opinio
1199 2727 1258 2801 est,
1276 2742 1467 2805 responsum

448 2827 612 2910 perferre3
638 2829 773 2894 erimine
796 2828 968 2912 implicari,
993 2836 1101 2894 mente
1125 2828 1295 2914 colligere;

394 2937 427 3020 β)
451 2957 536 3019 quae
565 2937 733 3019 propriam
765 2937 927 3001 Ammiani
958 2936 1084 3001 habent
1111 2934 1381 3019 significationem
1417 2935 1468 2999 vel

449 3044 712 3127 usurpationem:
738 3044 871 3124 librare,
896 3049 1036 3109 mentem
1062 3042 1213 3126 dirigere,
1237 3043 1322 3108 sedit
1342 3042 1466 3127 opinio;

227 3235 228 3240 ἵ
273 3147 310 3233 b)
335 3149 467 3216 dicendi
490 3154 524 3215 et
547 3171 587 3215 ea

394 3259 429 3343 α)
450 3257 630 3337 affirmare,
662 3258 873 3338 confirmare,
905 3258 1091 3338 clamitare,
1124 3258 1322 3336 exclamare,
1348 3256 1465 3337 dicere,

449 3365 578 3446 docere,
602 3365 702 3448 loqui,
727 3364 896 3448 replicare,
921 3363 1083 3444 adserere,
1105 3363 1269 3444 dictitare,
1286 3386 1467 3430 memorare

450 3475 596 3559 (comm.)
622 3493 768 3551 narrare,
789 3473 885 3537 fateri
901 3470 1091 3559 (confiteri),
1108 3472 1323 3557 proclamare,
1340 3473 1466 3552 testari,

451 3580 658 3660 contendere,
690 3579 846 3659 scribere,
874 3578 1064 3660 rescribere,
1095 3577 1303 3662 respondere,
1334 3577 1465 3659 addere,

450 3686 596 3765 adicere,
629 3689 842 3771 praedicare,
877 3687 1037 3765 indicare,
1074 3707 1296 3767 murmurare,
1331 3687 1465 3767 referre,

450 3795 653 3875 adseverare,
678 3795 876 3884 significare,
901 3817 1071 3879 exponere,
1095 3795 1278 3879 perhibere,
1310 3799 1466 3877 strepere,

450 3903 594 3983 obicere,
625 3907 802 3984 extollere,
835 3903 1016 3981 vociferari,
1048 3903 1272 3987 pronuntiare,
1304 3902 1466 3983 nuntiare,

450 4011 587 4090 causari,
611 4013 820 4090 tumultuari,
845 4013 1026 4094 increpare,
1060 4011 1202 4090 deferre,
1233 4031 1386 4094 arguere,
1417 4010 1466 4073 in-

449 4115 614 4197 simulare,
645 4118 812 4198 incusare,
843 4117 1000 4202 prodere,·
1029 4118 1086 4199 ait,
1116 4139 1254 4203 negare3
1284 4123 1466 4184 monstrare

449 4223 690 4312 (confessione),
716 4223 906 4304 ostendere;
932 4229 1093 4306 tractare3
1118 4245 1304 4302 occurrere,

394 4333 427 4415 β)
450 4327 588 4410 firmare,
614 4352 777 4412 mussare,
802 4333 987 4415 mussitare,
1012 4332 1199 4412 subserere,
1221 4350 1393 4396 arcessere.
