<?xml version="1.0" encoding="UTF-8"?>
<!DOCTYPE html PUBLIC "-//W3C//DTD XHTML 1.0 Transitional//EN"
    "http://www.w3.org/TR/xhtml1/DTD/xhtml1-transitional.dtd">
<html xmlns="http://www.w3.org/1999/xhtml" xml:lang="en" lang="en">
 <head>
  <title>
</title>
<meta http-equiv="Content-Type" content="text/html;charset=utf-8" />
  <meta name='ocr-system' content='tesseract 3.04.00' />
  <meta name='ocr-capabilities' content='ocr_page ocr_carea ocr_par ocr_line ocrx_word'/>
</head>
<body>
  <div class='ocr_page' id='page_1' title='image "./deammianimarcel00reitgoog_0070.png"; bbox 0 0 3282 4918; ppageno 0'>
   <div class='ocr_carea' id='block_1_1' title="bbox 783 217 825 284">
    <p class='ocr_par' dir='ltr' id='par_1_1' title="bbox 783 217 825 284">
     <span class='ocr_line' id='line_1_1' title="bbox 783 217 825 284; baseline -0.095 0"><span class='ocrx_word' id='word_1_1' title='bbox 783 217 825 284; x_wconf 83' lang='lat'><em>65</em></span> 
     </span>
    </p>
   </div>
   <div class='ocr_carea' id='block_1_2' title="bbox 158 393 1447 1236">
    <p class='ocr_par' dir='ltr' id='par_1_2' title="bbox 158 393 1447 1236">
     <span class='ocr_line' id='line_1_2' title="bbox 160 393 1442 480; baseline -0.004 -19"><span class='ocrx_word' id='word_1_2' title='bbox 160 395 248 475; x_wconf 85' lang='lat' dir='ltr'><em>XVI,</em></span> <span class='ocrx_word' id='word_1_3' title='bbox 275 395 326 474; x_wconf 91' lang='lat'><em>10,</em></span> <span class='ocrx_word' id='word_1_4' title='bbox 354 399 407 458; x_wconf 82' lang='lat'><em>17:</em></span> <span class='ocrx_word' id='word_1_5' title='bbox 433 393 577 458; x_wconf 81' lang='lat' dir='ltr'><em>insama</em></span> <span class='ocrx_word' id='word_1_6' title='bbox 601 394 801 480; x_wconf 82' lang='lat' dir='ltr'><strong>querebatur</strong></span> <span class='ocrx_word' id='word_1_7' title='bbox 826 403 862 460; x_wconf 90' lang='lat' dir='ltr'><em>ut</em></span> <span class='ocrx_word' id='word_1_8' title='bbox 887 394 1030 460; x_wconf 90' lang='lat' dir='ltr'><em>invalida</em></span> <span class='ocrx_word' id='word_1_9' title='bbox 1054 394 1103 458; x_wconf 93' lang='lat' dir='ltr'><em>vel</em></span> <span class='ocrx_word' id='word_1_10' title='bbox 1127 393 1270 477; x_wconf 89' lang='lat' dir='ltr'><em>maligna</em></span> <span class='ocrx_word' id='word_1_11' title='bbox 1293 393 1377 478; x_wconf 86' lang='lat' dir='ltr'><em>qnod</em></span> <span class='ocrx_word' id='word_1_12' title='bbox 1393 444 1399 456; x_wconf 94' lang='lat'>.</span> <span class='ocrx_word' id='word_1_13' title='bbox 1415 442 1442 457; x_wconf 91' lang='lat'><em>..</em></span> 
     </span>
     <span class='ocr_line' id='line_1_3' title="bbox 325 500 1264 586; baseline 0.004 -22"><span class='ocrx_word' id='word_1_14' title='bbox 325 522 403 585; x_wconf 90' lang='lat' dir='ltr'><em>erga</em></span> <span class='ocrx_word' id='word_1_15' title='bbox 425 500 507 566; x_wconf 91' lang='lat' dir='ltr'><em>haec</em></span> <span class='ocrx_word' id='word_1_16' title='bbox 530 501 724 585; x_wconf 88' lang='lat' dir='ltr'><em>explicanda</em></span> <span class='ocrx_word' id='word_1_17' title='bbox 747 525 831 586; x_wconf 91' lang='lat' dir='ltr'><em>quae</em></span> <span class='ocrx_word' id='word_1_18' title='bbox 854 503 977 568; x_wconf 90' lang='lat' dir='ltr'><em>Romae</em></span> <span class='ocrx_word' id='word_1_19' title='bbox 1001 508 1077 568; x_wconf 90' lang='lat' dir='ltr'><em>sunt</em></span> <span class='ocrx_word' id='word_1_20' title='bbox 1101 502 1264 568; x_wconf 83' lang='lat' dir='ltr'><em>obsolescit</em></span> 
     </span>
     <span class='ocr_line' id='line_1_4' title="bbox 268 608 869 697; baseline 0.007 -24"><span class='ocrx_word' id='word_1_21' title='bbox 268 608 300 697; x_wconf 91' lang='lat' dir='ltr'><em>c)</em></span> <span class='ocrx_word' id='word_1_22' title='bbox 326 631 348 674; x_wconf 91' lang='lat' dir='ltr'><em>o</em></span> <span class='ocrx_word' id='word_1_23' title='bbox 368 610 537 695; x_wconf 82' lang='lat' dir='ltr'><em>porticulo</em></span> <span class='ocrx_word' id='word_1_24' title='bbox 561 611 779 676; x_wconf 72' lang='lat' dir='ltr'><em>condicionali</em></span> <span class='ocrx_word' id='word_1_25' title='bbox 800 613 869 690; x_wconf 77' lang='lat' dir='ltr'><em>„sd‘</em></span> 
     </span>
     <span class='ocr_line' id='line_1_5' title="bbox 158 715 1446 802; baseline -0.003 -20"><span class='ocrx_word' id='word_1_26' title='bbox 158 716 231 798; x_wconf 89' lang='lat' dir='ltr'><em>XX,</em></span> <span class='ocrx_word' id='word_1_27' title='bbox 262 719 292 795; x_wconf 85' lang='lat'><em>9,</em></span> <span class='ocrx_word' id='word_1_28' title='bbox 326 722 362 780; x_wconf 79' lang='lat'><em>4:</em></span> <span class='ocrx_word' id='word_1_29' title='bbox 395 738 482 795; x_wconf 91' lang='lat' dir='ltr'><em>eum,</em></span> <span class='ocrx_word' id='word_1_30' title='bbox 514 719 543 783; x_wconf 88' lang='lat' dir='ltr'><em>si</em></span> <span class='ocrx_word' id='word_1_31' title='bbox 566 717 668 783; x_wconf 81' lang='lat' dir='ltr'><em>soluti</em></span> <span class='ocrx_word' id='word_1_32' title='bbox 690 737 770 785; x_wconf 89' lang='lat' dir='ltr'><em>snoc</em></span> <span class='ocrx_word' id='word_1_33' title='bbox 791 719 1074 802; x_wconf 74' lang='lat' dir='ltr'><em>proximorumque</em></span> <span class='ocrx_word' id='word_1_34' title='bbox 1097 718 1237 784; x_wconf 81' lang='lat' dir='ltr'><em>consulit</em></span> <span class='ocrx_word' id='word_1_35' title='bbox 1358 715 1446 780; x_wconf 89' lang='lat' dir='ltr'><em>intra</em></span> 
     </span>
     <span class='ocr_line' id='line_1_6' title="bbox 327 824 1180 908; baseline 0.001 -20"><span class='ocrx_word' id='word_1_36' title='bbox 327 824 474 891; x_wconf 81' lang='lat' dir='ltr'><em>Caesaris</em></span> <span class='ocrx_word' id='word_1_37' title='bbox 498 846 532 889; x_wconf 92' lang='lat' dir='ltr'><em>se</em></span> <span class='ocrx_word' id='word_1_38' title='bbox 555 828 753 907; x_wconf 88' lang='lat' dir='ltr'><em>potestatem</em></span> <span class='ocrx_word' id='word_1_39' title='bbox 776 825 943 890; x_wconf 90' lang='lat' dir='ltr'><em>continere</em></span> <span class='ocrx_word' id='word_1_40' title='bbox 966 824 1180 908; x_wconf 80' lang='lat' dir='ltr'><em>praecipiens,</em></span> 
     </span>
     <span class='ocr_line' id='line_1_7' title="bbox 253 930 1446 1018; baseline -0.003 -21"><span class='ocrx_word' id='word_1_41' title='bbox 253 931 514 998; x_wconf 83' lang='lat' dir='ltr'><em>Consentaneum</em></span> <span class='ocrx_word' id='word_1_42' title='bbox 535 937 584 998; x_wconf 89' lang='lat' dir='ltr'><em>est</em></span> <span class='ocrx_word' id='word_1_43' title='bbox 601 930 827 998; x_wconf 79' lang='lat' dir='ltr'><em>Constantium</em></span> <span class='ocrx_word' id='word_1_44' title='bbox 851 954 915 998; x_wconf 91' lang='lat' dir='ltr'><em>non</em></span> <span class='ocrx_word' id='word_1_45' title='bbox 940 931 1119 1012; x_wconf 84' lang='lat' dir='ltr'><em>dubitasse,</em></span> <span class='ocrx_word' id='word_1_46' title='bbox 1145 933 1223 1018; x_wconf 90' lang='lat' dir='ltr'><em>quin</em></span> <span class='ocrx_word' id='word_1_47' title='bbox 1247 930 1346 997; x_wconf 88' lang='lat' dir='ltr'><em>saluti</em></span> <span class='ocrx_word' id='word_1_48' title='bbox 1369 950 1446 994; x_wconf 88' lang='lat' dir='ltr'><em>suae</em></span> 
     </span>
     <span class='ocr_line' id='line_1_8' title="bbox 163 1039 1447 1125; baseline -0.006 -18"><span class='ocrx_word' id='word_1_49' title='bbox 163 1041 315 1107; x_wconf 84' lang='lat' dir='ltr'><em>Julianus</em></span> <span class='ocrx_word' id='word_1_50' title='bbox 339 1041 531 1122; x_wconf 81' lang='lat' dir='ltr'><em>consuleret,</em></span> <span class='ocrx_word' id='word_1_51' title='bbox 556 1046 595 1105; x_wconf 93' lang='lat' dir='ltr'><em>ut</em></span> <span class='ocrx_word' id='word_1_52' title='bbox 618 1040 672 1106; x_wconf 94' lang='lat' dir='ltr'><em>hic</em></span> <span class='ocrx_word' id='word_1_53' title='bbox 696 1062 825 1125; x_wconf 91' lang='lat' dir='ltr'><em>quoque</em></span> <span class='ocrx_word' id='word_1_54' title='bbox 848 1041 1024 1106; x_wconf 91' lang='lat' dir='ltr'><em>indicativo</em></span> <span class='ocrx_word' id='word_1_55' title='bbox 1050 1040 1146 1107; x_wconf 91' lang='lat' dir='ltr'><em>modo</em></span> <span class='ocrx_word' id='word_1_56' title='bbox 1171 1046 1261 1106; x_wconf 88' lang='lat' dir='ltr'><em>certa</em></span> <span class='ocrx_word' id='word_1_57' title='bbox 1280 1061 1332 1104; x_wconf 90' lang='lat' dir='ltr'><em>res</em></span> <span class='ocrx_word' id='word_1_58' title='bbox 1348 1039 1447 1122; x_wconf 87' lang='lat' dir='ltr'><em>signi·</em></span> 
     </span>
     <span class='ocr_line' id='line_1_9' title="bbox 165 1147 788 1236; baseline 0 -23"><span class='ocrx_word' id='word_1_59' title='bbox 165 1148 282 1214; x_wconf 88' lang='lat' dir='ltr'><em>ficetur</em></span> <span class='ocrx_word' id='word_1_60' title='bbox 307 1147 362 1236; x_wconf 86' lang='lat' dir='ltr'><em>(cf.</em></span> <span class='ocrx_word' id='word_1_61' title='bbox 386 1147 566 1214; x_wconf 91' lang='lat' dir='ltr'><em>Dederichs</em></span> <span class='ocrx_word' id='word_1_62' title='bbox 590 1147 610 1212; x_wconf 92' lang='lat' dir='ltr'><em>l.</em></span> <span class='ocrx_word' id='word_1_63' title='bbox 637 1169 663 1216; x_wconf 83' lang='lat' dir='ltr'><em>c.</em></span> <span class='ocrx_word' id='word_1_64' title='bbox 686 1168 718 1231; x_wconf 86' lang='lat' dir='ltr'><em>p.</em></span> <span class='ocrx_word' id='word_1_65' title='bbox 744 1150 788 1235; x_wconf 82' lang='lat'><em>7).</em></span> 
     </span>
    </p>
   </div>
   <div class='ocr_carea' id='block_1_3' title="bbox 167 1253 1619 1447">
    <p class='ocr_par' dir='ltr' id='par_1_3' title="bbox 167 1253 1619 1447">
     <span class='ocr_line' id='line_1_10' title="bbox 254 1253 1570 1338; baseline -0.004 -20"><span class='ocrx_word' id='word_1_66' title='bbox 254 1253 354 1320; x_wconf 88' lang='lat' dir='ltr'><em>Aliud</em></span> <span class='ocrx_word' id='word_1_67' title='bbox 377 1253 494 1320; x_wconf 88' lang='lat' dir='ltr'><em>deinde</em></span> <span class='ocrx_word' id='word_1_68' title='bbox 518 1275 619 1338; x_wconf 91' lang='lat' dir='ltr'><em>genus</em></span> <span class='ocrx_word' id='word_1_69' title='bbox 643 1256 878 1320; x_wconf 88' lang='lat' dir='ltr'><em>sententiarum</em></span> <span class='ocrx_word' id='word_1_70' title='bbox 894 1254 1169 1321; x_wconf 87' lang='lat' dir='ltr'><em>&#39;secundariarum</em></span> <span class='ocrx_word' id='word_1_71' title='bbox 1194 1253 1248 1319; x_wconf 91' lang='lat' dir='ltr'><em>hic</em></span> <span class='ocrx_word' id='word_1_72' title='bbox 1275 1272 1447 1318; x_wconf 79' lang='lat' dir='ltr'><em>numerari·</em></span> <span class='ocrx_word' id='word_1_73' title='bbox 1489 1316 1492 1329; x_wconf 55' lang='grc'>,</span> <span class='ocrx_word' id='word_1_74' title='bbox 1568 1297 1570 1306; x_wconf 58' lang='grc'>.</span> 
     </span>
     <span class='ocr_line' id='line_1_11' title="bbox 167 1359 1619 1447; baseline -0.004 -20"><span class='ocrx_word' id='word_1_75' title='bbox 167 1364 241 1428; x_wconf 90' lang='lat' dir='ltr'><em>dum</em></span> <span class='ocrx_word' id='word_1_76' title='bbox 266 1369 326 1444; x_wconf 91' lang='lat' dir='ltr'><em>est,</em></span> <span class='ocrx_word' id='word_1_77' title='bbox 351 1363 385 1426; x_wconf 90' lang='lat' dir='ltr'><em>in</em></span> <span class='ocrx_word' id='word_1_78' title='bbox 409 1362 527 1447; x_wconf 91' lang='lat' dir='ltr'><em>quibus</em></span> <span class='ocrx_word' id='word_1_79' title='bbox 545 1363 710 1428; x_wconf 90' lang='lat' dir='ltr'><em>rarissime</em></span> <span class='ocrx_word' id='word_1_80' title='bbox 726 1368 855 1427; x_wconf 89' lang='lat' dir='ltr'><em>tantum</em></span> <span class='ocrx_word' id='word_1_81' title='bbox 872 1362 1079 1446; x_wconf 87' lang='lat' dir='ltr'><em>exploratum</em></span> <span class='ocrx_word' id='word_1_82' title='bbox 1097 1370 1155 1443; x_wconf 90' lang='lat' dir='ltr'><em>est,</em></span> <span class='ocrx_word' id='word_1_83' title='bbox 1179 1367 1290 1426; x_wconf 86' lang='lat' dir='ltr'><em>utrum</em></span> <span class='ocrx_word' id='word_1_84' title='bbox 1307 1359 1448 1442; x_wconf 89' lang='lat' dir='ltr'><em>scriptor</em></span> <span class='ocrx_word' id='word_1_85' title='bbox 1523 1397 1526 1403; x_wconf 91' lang='lat'><em>-</em></span> <span class='ocrx_word' id='word_1_86' title='bbox 1618 1425 1619 1434; x_wconf 53' lang='grc'>,</span> 
     </span>
    </p>
   </div>
   <div class='ocr_carea' id='block_1_4' title="bbox 162 1469 1456 4348">
    <p class='ocr_par' dir='ltr' id='par_1_4' title="bbox 162 1469 1349 1556">
     <span class='ocr_line' id='line_1_12' title="bbox 162 1469 1349 1556; baseline -0.003 -20"><span class='ocrx_word' id='word_1_87' title='bbox 162 1471 303 1556; x_wconf 82' lang='lat' dir='ltr'><em>perfecti</em></span> <span class='ocrx_word' id='word_1_88' title='bbox 327 1471 566 1537; x_wconf 90' lang='lat' dir='ltr'><em>coniunctivum</em></span> <span class='ocrx_word' id='word_1_89' title='bbox 588 1492 632 1536; x_wconf 89' lang='lat' dir='ltr'><em>an</em></span> <span class='ocrx_word' id='word_1_90' title='bbox 655 1471 758 1536; x_wconf 87' lang='lat' dir='ltr'><em>futuri</em></span> <span class='ocrx_word' id='word_1_91' title='bbox 782 1472 889 1538; x_wconf 76' lang='lat' dir='ltr'><em>exacti</em></span> <span class='ocrx_word' id='word_1_92' title='bbox 913 1471 1125 1536; x_wconf 88' lang='lat' dir='ltr'><em>indicativum</em></span> <span class='ocrx_word' id='word_1_93' title='bbox 1148 1469 1349 1551; x_wconf 86' lang='lat' dir='ltr'><em>cogitaverit.</em></span> 
     </span>
    </p>

    <p class='ocr_par' dir='ltr' id='par_1_5' title="bbox 166 1577 1450 2417">
     <span class='ocr_line' id='line_1_13' title="bbox 172 1577 1447 1664; baseline -0.005 -21"><span class='ocrx_word' id='word_1_94' title='bbox 172 1653 177 1660; x_wconf 43' lang='lat'>‚</span> <span class='ocrx_word' id='word_1_95' title='bbox 255 1580 294 1643; x_wconf 92' lang='lat' dir='ltr'><em>In</em></span> <span class='ocrx_word' id='word_1_96' title='bbox 316 1577 432 1663; x_wconf 91' lang='lat' dir='ltr'><em>quibus</em></span> <span class='ocrx_word' id='word_1_97' title='bbox 449 1578 599 1663; x_wconf 91' lang='lat' dir='ltr'><em>equidem</em></span> <span class='ocrx_word' id='word_1_98' title='bbox 615 1600 689 1643; x_wconf 93' lang='lat' dir='ltr'><em>cum</em></span> <span class='ocrx_word' id='word_1_99' title='bbox 704 1601 864 1664; x_wconf 90' lang='lat' dir='ltr'><em>nusquam</em></span> <span class='ocrx_word' id='word_1_100' title='bbox 882 1585 1035 1645; x_wconf 85' lang='lat' dir='ltr'><em>accurate</em></span> <span class='ocrx_word' id='word_1_101' title='bbox 1051 1577 1226 1662; x_wconf 90' lang='lat' dir='ltr'><em>probatum</em></span> <span class='ocrx_word' id='word_1_102' title='bbox 1244 1577 1447 1653; x_wconf 82' lang='lat' dir='ltr'><em>invenissem,</em></span> 
     </span>
     <span class='ocr_line' id='line_1_14' title="bbox 171 1683 1448 1771; baseline -0.003 -22"><span class='ocrx_word' id='word_1_103' title='bbox 171 1685 371 1751; x_wconf 78' lang='lat' dir='ltr'><em>Ammianum</em></span> <span class='ocrx_word' id='word_1_104' title='bbox 395 1708 455 1771; x_wconf 91' lang='lat' dir='ltr'><em>pro</em></span> <span class='ocrx_word' id='word_1_105' title='bbox 479 1692 589 1752; x_wconf 85' lang='lat' dir='ltr'><em>rectae</em></span> <span class='ocrx_word' id='word_1_106' title='bbox 613 1687 770 1752; x_wconf 89' lang='lat' dir='ltr'><em>orationis</em></span> <span class='ocrx_word' id='word_1_107' title='bbox 792 1687 905 1752; x_wconf 87' lang='lat' dir='ltr'><em>futuro</em></span> <span class='ocrx_word' id='word_1_108' title='bbox 930 1693 1045 1752; x_wconf 83' lang='lat' dir='ltr'><em>exacto</em></span> <span class='ocrx_word' id='word_1_109' title='bbox 1063 1687 1096 1749; x_wconf 89' lang='lat' dir='ltr'><em>iu</em></span> <span class='ocrx_word' id='word_1_110' title='bbox 1114 1707 1141 1751; x_wconf 93' lang='lat' dir='ltr'><em>o.</em></span> <span class='ocrx_word' id='word_1_111' title='bbox 1160 1705 1189 1750; x_wconf 92' lang='lat'><em>0.</em></span> <span class='ocrx_word' id='word_1_112' title='bbox 1207 1683 1448 1749; x_wconf 88' lang='lat' dir='ltr'><em>coniunctivum</em></span> 
     </span>
     <span class='ocr_line' id='line_1_15' title="bbox 170 1793 1449 1879; baseline -0.002 -22"><span class='ocrx_word' id='word_1_113' title='bbox 170 1793 304 1874; x_wconf 88' lang='lat' dir='ltr'><em>perfecti</em></span> <span class='ocrx_word' id='word_1_114' title='bbox 328 1795 484 1876; x_wconf 88' lang='lat' dir='ltr'><em>posuisse,</em></span> <span class='ocrx_word' id='word_1_115' title='bbox 510 1799 624 1859; x_wconf 89' lang='lat' dir='ltr'><em>contra</em></span> <span class='ocrx_word' id='word_1_116' title='bbox 647 1794 796 1859; x_wconf 89' lang='lat' dir='ltr'><em>omnibus</em></span> <span class='ocrx_word' id='word_1_117' title='bbox 819 1794 899 1860; x_wconf 89' lang='lat' dir='ltr'><em>locis</em></span> <span class='ocrx_word' id='word_1_118' title='bbox 922 1795 1101 1879; x_wconf 84' lang='lat' dir='ltr'><em>perspectis</em></span> <span class='ocrx_word' id='word_1_119' title='bbox 1124 1793 1204 1858; x_wconf 88' lang='lat' dir='ltr'><em>satis</em></span> <span class='ocrx_word' id='word_1_120' title='bbox 1228 1793 1449 1876; x_wconf 85' lang='lat' dir='ltr'><em>cognovissem</em></span> 
     </span>
     <span class='ocr_line' id='line_1_16' title="bbox 170 1900 1449 1985; baseline -0.003 -20"><span class='ocrx_word' id='word_1_121' title='bbox 170 1922 240 1966; x_wconf 91' lang='lat' dir='ltr'><em>eum</em></span> <span class='ocrx_word' id='word_1_122' title='bbox 257 1902 291 1965; x_wconf 88' lang='lat' dir='ltr'><em>in</em></span> <span class='ocrx_word' id='word_1_123' title='bbox 307 1902 495 1985; x_wconf 87' lang='lat' dir='ltr'><em>praeteritis</em></span> <span class='ocrx_word' id='word_1_124' title='bbox 510 1908 638 1968; x_wconf 90' lang='lat' dir='ltr'><em>tantum</em></span> <span class='ocrx_word' id='word_1_125' title='bbox 656 1902 754 1968; x_wconf 90' lang='lat' dir='ltr'><em>rebus</em></span> <span class='ocrx_word' id='word_1_126' title='bbox 772 1902 962 1968; x_wconf 87' lang='lat' dir='ltr'><em>enarrandis</em></span> <span class='ocrx_word' id='word_1_127' title='bbox 977 1900 1115 1985; x_wconf 84' lang='lat' dir='ltr'><em>perfecti</em></span> <span class='ocrx_word' id='word_1_128' title='bbox 1131 1900 1336 1965; x_wconf 90' lang='lat' dir='ltr'><em>coniunctivo</em></span> <span class='ocrx_word' id='word_1_129' title='bbox 1354 1919 1449 1962; x_wconf 89' lang='lat' dir='ltr'><em>usum</em></span> 
     </span>
     <span class='ocr_line' id='line_1_17' title="bbox 168 2009 1450 2097; baseline -0.002 -23"><span class='ocrx_word' id='word_1_130' title='bbox 168 2031 236 2074; x_wconf 90' lang='lat' dir='ltr'><em>esse</em></span> <span class='ocrx_word' id='word_1_131' title='bbox 260 2031 366 2094; x_wconf 90' lang='lat' dir='ltr'><em>neque</em></span> <span class='ocrx_word' id='word_1_132' title='bbox 390 2010 425 2074; x_wconf 91' lang='lat' dir='ltr'><em>id</em></span> <span class='ocrx_word' id='word_1_133' title='bbox 448 2010 577 2095; x_wconf 92' lang='lat' dir='ltr'><em>quidem</em></span> <span class='ocrx_word' id='word_1_134' title='bbox 601 2011 681 2088; x_wconf 86' lang='lat' dir='ltr'><em>nisi,</em></span> <span class='ocrx_word' id='word_1_135' title='bbox 714 2031 778 2075; x_wconf 92' lang='lat' dir='ltr'><em>uno</em></span> <span class='ocrx_word' id='word_1_136' title='bbox 802 2010 875 2076; x_wconf 87' lang='lat' dir='ltr'><em>loco</em></span> <span class='ocrx_word' id='word_1_137' title='bbox 901 2009 1022 2097; x_wconf 89' lang='lat' dir='ltr'>(XVII,</span> <span class='ocrx_word' id='word_1_138' title='bbox 1055 2015 1090 2090; x_wconf 88' lang='lat'><em>3,</em></span> <span class='ocrx_word' id='word_1_139' title='bbox 1123 2010 1157 2095; x_wconf 78' lang='lat'><em>4)</em></span> <span class='ocrx_word' id='word_1_140' title='bbox 1182 2013 1334 2091; x_wconf 86' lang='lat' dir='ltr'><em>except0,</em></span> <span class='ocrx_word' id='word_1_141' title='bbox 1358 2011 1450 2072; x_wconf 90' lang='lat' dir='ltr'><em>ante-</em></span> 
     </span>
     <span class='ocr_line' id='line_1_18' title="bbox 167 2113 1450 2204; baseline -0.005 -22"><span class='ocrx_word' id='word_1_142' title='bbox 167 2116 303 2182; x_wconf 87' lang='lat' dir='ltr'><em>cedente</em></span> <span class='ocrx_word' id='word_1_143' title='bbox 328 2118 491 2201; x_wconf 87' lang='lat' dir='ltr'><em>praesenti</em></span> <span class='ocrx_word' id='word_1_144' title='bbox 514 2119 715 2204; x_wconf 86' lang='lat' dir='ltr'><em>tempore¹):</em></span> <span class='ocrx_word' id='word_1_145' title='bbox 742 2117 891 2182; x_wconf 89' lang='lat' dir='ltr'><em>omuibus</em></span> <span class='ocrx_word' id='word_1_146' title='bbox 907 2116 996 2194; x_wconf 90' lang='lat' dir='ltr'><em>locis,</em></span> <span class='ocrx_word' id='word_1_147' title='bbox 1024 2115 1206 2200; x_wconf 91' lang='lat' dir='ltr'><em>quibusvis</em></span> <span class='ocrx_word' id='word_1_148' title='bbox 1223 2114 1325 2179; x_wconf 81' lang='lat' dir='ltr'><em>futuri</em></span> <span class='ocrx_word' id='word_1_149' title='bbox 1343 2113 1450 2178; x_wconf 87' lang='lat' dir='ltr'><em>exacti</em></span> 
     </span>
     <span class='ocr_line' id='line_1_19' title="bbox 168 2221 1449 2309; baseline -0.004 -19"><span class='ocrx_word' id='word_1_150' title='bbox 168 2226 324 2304; x_wconf 89' lang='lat' dir='ltr'><em>cernitur,</em></span> <span class='ocrx_word' id='word_1_151' title='bbox 352 2225 556 2289; x_wconf 88' lang='lat' dir='ltr'><em>Ammianum</em></span> <span class='ocrx_word' id='word_1_152' title='bbox 580 2225 642 2290; x_wconf 91' lang='lat' dir='ltr'><em>hoo</em></span> <span class='ocrx_word' id='word_1_153' title='bbox 665 2230 793 2309; x_wconf 92' lang='lat' dir='ltr'><em>tempus</em></span> <span class='ocrx_word' id='word_1_154' title='bbox 817 2225 985 2309; x_wconf 86' lang='lat' dir='ltr'><em>scripsisse</em></span> <span class='ocrx_word' id='word_1_155' title='bbox 1009 2222 1264 2306; x_wconf 87' lang='lat' dir='ltr'><em>intellegendum</em></span> <span class='ocrx_word' id='word_1_156' title='bbox 1279 2221 1449 2305; x_wconf 89' lang='lat' dir='ltr'><em>putabam,</em></span> 
     </span>
     <span class='ocr_line' id='line_1_20' title="bbox 166 2330 1332 2417; baseline -0.002 -21"><span class='ocrx_word' id='word_1_157' title='bbox 166 2331 201 2396; x_wconf 89' lang='lat' dir='ltr'><em>id</em></span> <span class='ocrx_word' id='word_1_158' title='bbox 226 2330 315 2416; x_wconf 92' lang='lat' dir='ltr'><em>quod</em></span> <span class='ocrx_word' id='word_1_159' title='bbox 337 2332 371 2395; x_wconf 95' lang='lat' dir='ltr'><em>in</em></span> <span class='ocrx_word' id='word_1_160' title='bbox 393 2333 570 2417; x_wconf 88' lang='lat' dir='ltr'><em>praecipuo</em></span> <span class='ocrx_word' id='word_1_161' title='bbox 594 2332 683 2396; x_wconf 92' lang='lat' dir='ltr'><em>modi</em></span> <span class='ocrx_word' id='word_1_162' title='bbox 705 2332 874 2398; x_wconf 85' lang='lat' dir='ltr'><em>indicativi</em></span> <span class='ocrx_word' id='word_1_163' title='bbox 897 2354 958 2396; x_wconf 90' lang='lat' dir='ltr'><em>usu</em></span> <span class='ocrx_word' id='word_1_164' title='bbox 981 2330 1077 2396; x_wconf 86' lang='lat' dir='ltr'><em>facile</em></span> <span class='ocrx_word' id='word_1_165' title='bbox 1102 2330 1191 2395; x_wconf 90' lang='lat' dir='ltr'><em>credi</em></span> <span class='ocrx_word' id='word_1_166' title='bbox 1215 2335 1332 2413; x_wconf 89' lang='lat' dir='ltr'><em>potest.</em></span> 
     </span>
    </p>

    <p class='ocr_par' dir='ltr' id='par_1_6' title="bbox 168 2437 1450 3060">
     <span class='ocr_line' id='line_1_21' title="bbox 259 2437 1449 2522; baseline 0 -20"><span class='ocrx_word' id='word_1_167' title='bbox 259 2439 307 2504; x_wconf 90' lang='lat' dir='ltr'><em>De</em></span> <span class='ocrx_word' id='word_1_168' title='bbox 330 2438 380 2503; x_wconf 91' lang='lat' dir='ltr'><em>his</em></span> <span class='ocrx_word' id='word_1_169' title='bbox 399 2438 479 2505; x_wconf 91' lang='lat' dir='ltr'><em>locis</em></span> <span class='ocrx_word' id='word_1_170' title='bbox 497 2461 569 2504; x_wconf 91' lang='lat' dir='ltr'><em>oum</em></span> <span class='ocrx_word' id='word_1_171' title='bbox 587 2439 735 2505; x_wconf 90' lang='lat' dir='ltr'><em>omnibus</em></span> <span class='ocrx_word' id='word_1_172' title='bbox 752 2441 931 2505; x_wconf 86' lang='lat' dir='ltr'><em>sententiae</em></span> <span class='ocrx_word' id='word_1_173' title='bbox 948 2439 1187 2506; x_wconf 86' lang='lat' dir='ltr'><em>condicionales</em></span> <span class='ocrx_word' id='word_1_174' title='bbox 1204 2446 1236 2504; x_wconf 92' lang='lat' dir='ltr'><em>et</em></span> <span class='ocrx_word' id='word_1_175' title='bbox 1252 2437 1449 2522; x_wconf 89' lang='lat' dir='ltr'><em>temporales</em></span> 
     </span>
     <span class='ocr_line' id='line_1_22' title="bbox 170 2543 1450 2631; baseline -0.004 -20"><span class='ocrx_word' id='word_1_176' title='bbox 170 2545 357 2625; x_wconf 86' lang='lat' dir='ltr'><em>efferantur,</em></span> <span class='ocrx_word' id='word_1_177' title='bbox 380 2547 559 2631; x_wconf 86' lang='lat' dir='ltr'><em>generatim</em></span> <span class='ocrx_word' id='word_1_178' title='bbox 585 2545 649 2612; x_wconf 90' lang='lat' dir='ltr'><em>dici</em></span> <span class='ocrx_word' id='word_1_179' title='bbox 671 2553 780 2630; x_wconf 89' lang='lat' dir='ltr'><em>potest</em></span> <span class='ocrx_word' id='word_1_180' title='bbox 797 2547 1012 2624; x_wconf 85' lang='lat' dir='ltr'><em>Ammianum,</em></span> <span class='ocrx_word' id='word_1_181' title='bbox 1037 2551 1074 2609; x_wconf 91' lang='lat' dir='ltr'><em>ut</em></span> <span class='ocrx_word' id='word_1_182' title='bbox 1094 2545 1126 2609; x_wconf 90' lang='lat' dir='ltr'><em>in</em></span> <span class='ocrx_word' id='word_1_183' title='bbox 1144 2546 1271 2611; x_wconf 84' lang='lat' dir='ltr'><em>Graeca</em></span> <span class='ocrx_word' id='word_1_184' title='bbox 1287 2543 1450 2610; x_wconf 89' lang='lat' dir='ltr'><em>scribendi</em></span> 
     </span>
     <span class='ocr_line' id='line_1_23' title="bbox 168 2652 1450 2738; baseline -0.003 -20"><span class='ocrx_word' id='word_1_185' title='bbox 168 2653 296 2718; x_wconf 91' lang='lat' dir='ltr'><em>ratione</em></span> <span class='ocrx_word' id='word_1_186' title='bbox 319 2675 379 2738; x_wconf 88' lang='lat' dir='ltr'><em>pro</em></span> <span class='ocrx_word' id='word_1_187' title='bbox 404 2654 550 2738; x_wconf 87' lang='lat' dir='ltr'><em>optativo</em></span> <span class='ocrx_word' id='word_1_188' title='bbox 573 2655 607 2717; x_wconf 89' lang='lat' dir='ltr'><em>in</em></span> <span class='ocrx_word' id='word_1_189' title='bbox 630 2652 752 2718; x_wconf 89' lang='lat' dir='ltr'><em>talibus</em></span> <span class='ocrx_word' id='word_1_190' title='bbox 776 2654 933 2720; x_wconf 88' lang='lat' dir='ltr'><em>orationis</em></span> <span class='ocrx_word' id='word_1_191' title='bbox 958 2653 1022 2718; x_wconf 84' lang='lat' dir='ltr'><em>obl.</em></span> <span class='ocrx_word' id='word_1_192' title='bbox 1047 2652 1216 2718; x_wconf 87' lang='lat' dir='ltr'><em>sententiis</em></span> <span class='ocrx_word' id='word_1_193' title='bbox 1248 2673 1344 2735; x_wconf 90' lang='lat' dir='ltr'><em>saepe</em></span> <span class='ocrx_word' id='word_1_194' title='bbox 1374 2671 1450 2715; x_wconf 90' lang='lat' dir='ltr'><em>oon-</em></span> 
     </span>
     <span class='ocr_line' id='line_1_24' title="bbox 170 2756 1450 2845; baseline -0.004 -20"><span class='ocrx_word' id='word_1_195' title='bbox 170 2763 331 2827; x_wconf 89' lang='lat' dir='ltr'><em>iunctivus</em></span> <span class='ocrx_word' id='word_1_196' title='bbox 360 2784 433 2827; x_wconf 91' lang='lat' dir='ltr'><em>cum</em></span> <span class='ocrx_word' id='word_1_197' title='bbox 463 2762 626 2845; x_wconf 87' lang='lat' dir='ltr'><em>particula</em></span> <span class='ocrx_word' id='word_1_198' title='bbox 654 2760 692 2824; x_wconf 83' lang='lat' dir='ltr'><em>dr</em></span> <span class='ocrx_word' id='word_1_199' title='bbox 721 2762 911 2827; x_wconf 86' lang='lat' dir='ltr'><em>coniunctus</em></span> <span class='ocrx_word' id='word_1_200' title='bbox 940 2760 1119 2837; x_wconf 87' lang='lat' dir='ltr'><em>retinetur,</em></span> <span class='ocrx_word' id='word_1_201' title='bbox 1155 2759 1189 2822; x_wconf 91' lang='lat' dir='ltr'><em>in</em></span> <span class='ocrx_word' id='word_1_202' title='bbox 1226 2756 1359 2822; x_wconf 86' lang='lat' dir='ltr'><em>definito</em></span> <span class='ocrx_word' id='word_1_203' title='bbox 1392 2776 1450 2821; x_wconf 91' lang='lat' dir='ltr'><em>suo</em></span> 
     </span>
     <span class='ocr_line' id='line_1_25' title="bbox 174 2863 1450 2954; baseline -0.004 -22"><span class='ocrx_word' id='word_1_204' title='bbox 174 2868 299 2935; x_wconf 91' lang='lat' dir='ltr'><em>dicendi</em></span> <span class='ocrx_word' id='word_1_205' title='bbox 324 2890 440 2952; x_wconf 90' lang='lat' dir='ltr'><em>genere</em></span> <span class='ocrx_word' id='word_1_206' title='bbox 464 2870 539 2933; x_wconf 90' lang='lat' dir='ltr'><em>huic</em></span> <span class='ocrx_word' id='word_1_207' title='bbox 563 2868 659 2936; x_wconf 92' lang='lat' dir='ltr'><em>modo</em></span> <span class='ocrx_word' id='word_1_208' title='bbox 683 2891 779 2954; x_wconf 89' lang='lat' dir='ltr'><em>saepe</em></span> <span class='ocrx_word' id='word_1_209' title='bbox 802 2867 1023 2947; x_wconf 88' lang='lat' dir='ltr'><em>indicativum,</em></span> <span class='ocrx_word' id='word_1_210' title='bbox 1050 2889 1114 2951; x_wconf 92' lang='lat' dir='ltr'><em>quo</em></span> <span class='ocrx_word' id='word_1_211' title='bbox 1138 2887 1191 2932; x_wconf 91' lang='lat' dir='ltr'><em>res</em></span> <span class='ocrx_word' id='word_1_212' title='bbox 1214 2867 1303 2951; x_wconf 89' lang='lat' dir='ltr'><em>ipsae</em></span> <span class='ocrx_word' id='word_1_213' title='bbox 1327 2863 1450 2948; x_wconf 88' lang='lat' dir='ltr'><em>simpli-</em></span> 
     </span>
     <span class='ocr_line' id='line_1_26' title="bbox 174 2955 1396 3060; baseline -0.002 -19"><span class='ocrx_word' id='word_1_214' title='bbox 174 2978 239 3042; x_wconf 88' lang='lat' dir='ltr'><em>cius</em></span> <span class='ocrx_word' id='word_1_215' title='bbox 263 2975 485 3060; x_wconf 87' lang='lat' dir='ltr'><em>proferuntur,</em></span> <span class='ocrx_word' id='word_1_216' title='bbox 511 2977 742 3060; x_wconf 88' lang='lat' dir='ltr'><em>anteposuisse.</em></span> <span class='ocrx_word' id='word_1_217' title='bbox 1391 2955 1396 2966; x_wconf 41' lang='lat'>¹</span> 
     </span>
    </p>

    <p class='ocr_par' dir='ltr' id='par_1_7' title="bbox 278 3082 1202 3279">
     <span class='ocr_line' id='line_1_27' title="bbox 438 3082 1166 3166; baseline -0.003 -20"><span class='ocrx_word' id='word_1_218' title='bbox 438 3082 618 3148; x_wconf 91' lang='lat' dir='ltr'><em>Indioativo</em></span> <span class='ocrx_word' id='word_1_219' title='bbox 642 3082 743 3166; x_wconf 89' lang='lat' dir='ltr'><em>igitur</em></span> <span class='ocrx_word' id='word_1_220' title='bbox 766 3082 928 3153; x_wconf 88' lang='lat' dir='ltr'><em>sententia</em></span> <span class='ocrx_word' id='word_1_221' title='bbox 951 3086 1078 3146; x_wconf 89' lang='lat' dir='ltr'><em>structa</em></span> <span class='ocrx_word' id='word_1_222' title='bbox 1102 3086 1166 3146; x_wconf 85' lang='lat' dir='ltr'><em>est:</em></span> 
     </span>
     <span class='ocr_line' id='line_1_28' title="bbox 278 3189 1202 3279; baseline -0.004 -23"><span class='ocrx_word' id='word_1_223' title='bbox 278 3191 312 3279; x_wconf 88' lang='lat' dir='ltr'><em>a)</em></span> <span class='ocrx_word' id='word_1_224' title='bbox 338 3211 409 3257; x_wconf 91' lang='lat' dir='ltr'><em>cnrn</em></span> <span class='ocrx_word' id='word_1_225' title='bbox 433 3193 573 3272; x_wconf 83' lang='lat' dir='ltr'><em>uffcrinr</em></span> <span class='ocrx_word' id='word_1_226' title='bbox 594 3194 736 3276; x_wconf 83' lang='lat' dir='ltr'><em>protasis</em></span> <span class='ocrx_word' id='word_1_227' title='bbox 761 3192 925 3256; x_wconf 85' lang='lat' dir='ltr'><em>cnnniiuti</em></span> <span class='ocrx_word' id='word_1_228' title='bbox 949 3189 1202 3256; x_wconf 83' lang='lat' dir='ltr'><em>condicionalis:</em></span> 
     </span>
    </p>

    <p class='ocr_par' dir='ltr' id='par_1_8' title="bbox 173 3296 1453 3472">
     <span class='ocr_line' id='line_1_29' title="bbox 173 3296 1453 3380; baseline -0.002 -20"><span class='ocrx_word' id='word_1_229' title='bbox 173 3299 259 3379; x_wconf 82' lang='lat' dir='ltr'><em>XVI,</em></span> <span class='ocrx_word' id='word_1_230' title='bbox 292 3305 321 3380; x_wconf 83' lang='lat'><em>7,</em></span> <span class='ocrx_word' id='word_1_231' title='bbox 347 3304 383 3363; x_wconf 84' lang='lat'><em>2:</em></span> <span class='ocrx_word' id='word_1_232' title='bbox 415 3299 591 3363; x_wconf 89' lang='lat' dir='ltr'><em>Eutherius</em></span> <span class='ocrx_word' id='word_1_233' title='bbox 690 3299 834 3362; x_wconf 88' lang='lat' dir='ltr'><em>mittitur</em></span> <span class='ocrx_word' id='word_1_234' title='bbox 857 3298 969 3363; x_wconf 86' lang='lat' dir='ltr'><em>statim</em></span> <span class='ocrx_word' id='word_1_235' title='bbox 992 3303 1067 3380; x_wconf 90' lang='lat' dir='ltr'><em>post</em></span> <span class='ocrx_word' id='word_1_236' title='bbox 1090 3318 1162 3362; x_wconf 92' lang='lat' dir='ltr'><em>eum</em></span> <span class='ocrx_word' id='word_1_237' title='bbox 1186 3296 1296 3380; x_wconf 77' lang='lat' dir='ltr'><em>siquid</em></span> <span class='ocrx_word' id='word_1_238' title='bbox 1315 3296 1453 3377; x_wconf 76' lang='lat' dir='ltr'><em>finncrii</em></span> 
     </span>
     <span class='ocr_line' id='line_1_30' title="bbox 334 3407 539 3472; baseline -0.005 0"><span class='ocrx_word' id='word_1_239' title='bbox 334 3407 539 3472; x_wconf 87' lang='lat' dir='ltr'><em>convicturus</em></span> 
     </span>
    </p>

    <p class='ocr_par' dir='ltr' id='par_1_9' title="bbox 175 3510 1453 3699">
     <span class='ocr_line' id='line_1_31' title="bbox 175 3510 1453 3596; baseline -0.002 -21"><span class='ocrx_word' id='word_1_240' title='bbox 175 3511 258 3590; x_wconf 87' lang='lat' dir='ltr'><em>XVI,</em></span> <span class='ocrx_word' id='word_1_241' title='bbox 288 3518 336 3591; x_wconf 80' lang='lat'><em>12,</em></span> <span class='ocrx_word' id='word_1_242' title='bbox 364 3518 420 3580; x_wconf 79' lang='lat'><em>60:</em></span> <span class='ocrx_word' id='word_1_243' title='bbox 446 3511 604 3595; x_wconf 87' lang='lat' dir='ltr'><em>flagitium</em></span> <span class='ocrx_word' id='word_1_244' title='bbox 627 3513 781 3578; x_wconf 88' lang='lat' dir='ltr'><em>arbitrati</em></span> <span class='ocrx_word' id='word_1_245' title='bbox 804 3519 880 3596; x_wconf 87' lang='lat' dir='ltr'><em>post</em></span> <span class='ocrx_word' id='word_1_246' title='bbox 902 3534 1012 3596; x_wconf 89' lang='lat' dir='ltr'><em>regem</em></span> <span class='ocrx_word' id='word_1_247' title='bbox 1028 3512 1135 3577; x_wconf 84' lang='lat' dir='ltr'><em>vivero</em></span> <span class='ocrx_word' id='word_1_248' title='bbox 1153 3510 1204 3576; x_wconf 89' lang='lat' dir='ltr'><em>vel</em></span> <span class='ocrx_word' id='word_1_249' title='bbox 1218 3531 1278 3593; x_wconf 90' lang='lat' dir='ltr'><em>pro</em></span> <span class='ocrx_word' id='word_1_250' title='bbox 1296 3531 1372 3594; x_wconf 85' lang='lat' dir='ltr'><em>rege</em></span> <span class='ocrx_word' id='word_1_251' title='bbox 1389 3531 1453 3573; x_wconf 91' lang='lat' dir='ltr'><em>uon</em></span> 
     </span>
     <span class='ocr_line' id='line_1_32' title="bbox 333 3616 1313 3699; baseline 0.001 -17"><span class='ocrx_word' id='word_1_252' title='bbox 333 3620 426 3699; x_wconf 92' lang='lat' dir='ltr'><em>mori,</em></span> <span class='ocrx_word' id='word_1_253' title='bbox 450 3621 480 3684; x_wconf 84' lang='lat' dir='ltr'><em>si</em></span> <span class='ocrx_word' id='word_1_254' title='bbox 502 3621 550 3683; x_wconf 84' lang='lat' dir='ltr'><em>iio</em></span> <span class='ocrx_word' id='word_1_255' title='bbox 574 3621 686 3685; x_wconf 81' lang='lat' dir='ltr'><em>tulerit</em></span> <span class='ocrx_word' id='word_1_256' title='bbox 709 3641 811 3698; x_wconf 75' lang='lat' dir='ltr'><em>canuc,</em></span> <span class='ocrx_word' id='word_1_257' title='bbox 835 3620 1000 3686; x_wconf 88' lang='lat' dir='ltr'><em>tradidere</em></span> <span class='ocrx_word' id='word_1_258' title='bbox 1028 3641 1098 3684; x_wconf 78' lang='lat' dir='ltr'><em>‹se›</em></span> <span class='ocrx_word' id='word_1_259' title='bbox 1126 3616 1313 3683; x_wconf 90' lang='lat' dir='ltr'><em>vinciendos</em></span> 
     </span>
    </p>

    <p class='ocr_par' dir='ltr' id='par_1_10' title="bbox 173 3725 1455 4137">
     <span class='ocr_line' id='line_1_33' title="bbox 173 3725 1453 3805; baseline -0.001 -16"><span class='ocrx_word' id='word_1_260' title='bbox 173 3725 276 3805; x_wconf 85' lang='lat' dir='ltr'>XVII,</span> <span class='ocrx_word' id='word_1_261' title='bbox 306 3731 332 3805; x_wconf 93' lang='lat' dir='ltr'><em>l,</em></span> <span class='ocrx_word' id='word_1_262' title='bbox 362 3732 414 3790; x_wconf 87' lang='lat'><em>13:</em></span> <span class='ocrx_word' id='word_1_263' title='bbox 442 3734 599 3791; x_wconf 89' lang='lat' dir='ltr'><em>venerunt</em></span> <span class='ocrx_word' id='word_1_264' title='bbox 696 3729 842 3794; x_wconf 80' lang='lat' dir='ltr'><em>iurantes</em></span> <span class='ocrx_word' id='word_1_265' title='bbox 941 3727 1073 3792; x_wconf 80' lang='lat' dir='ltr'><em>foedera</em></span> <span class='ocrx_word' id='word_1_266' title='bbox 1097 3747 1238 3791; x_wconf 89' lang='lat' dir='ltr'><em>.c.um</em></span> <span class='ocrx_word' id='word_1_267' title='bbox 1254 3727 1453 3790; x_wconf 90' lang='lat' dir='ltr'><em>munimento</em></span> 
     </span>
     <span class='ocr_line' id='line_1_34' title="bbox 334 3834 1454 3921; baseline 0 -25"><span class='ocrx_word' id='word_1_268' title='bbox 334 3841 520 3900; x_wconf 87' lang='lat' dir='ltr'><em>servaturos</em></span> <span class='ocrx_word' id='word_1_269' title='bbox 543 3835 667 3900; x_wconf 83' lang='lat' dir='ltr'><em>intacto</em></span> <span class='ocrx_word' id='word_1_270' title='bbox 692 3834 866 3920; x_wconf 84' lang='lat' dir='ltr'><em>frugesque</em></span> <span class='ocrx_word' id='word_1_271' title='bbox 882 3841 1072 3921; x_wconf 87' lang='lat' dir='ltr'><em>portaturos</em></span> <span class='ocrx_word' id='word_1_272' title='bbox 1087 3834 1241 3914; x_wconf 87' lang='lat' dir='ltr'><em>humeris,</em></span> <span class='ocrx_word' id='word_1_273' title='bbox 1266 3836 1296 3900; x_wconf 83' lang='lat' dir='ltr'><em>si</em></span> <span class='ocrx_word' id='word_1_274' title='bbox 1312 3835 1454 3915; x_wconf 67' lang='lat' dir='ltr'><em>clcfluissc</em></span> 
     </span>
     <span class='ocr_line' id='line_1_35' title="bbox 334 3940 1455 4029; baseline -0.001 -23"><span class='ocrx_word' id='word_1_275' title='bbox 334 3943 396 4007; x_wconf 78' lang='lat' dir='ltr'><em>silvi</em></span> <span class='ocrx_word' id='word_1_276' title='bbox 428 3944 596 4007; x_wconf 82' lang='lat' dir='ltr'><em>docuerint</em></span> <span class='ocrx_word' id='word_1_277' title='bbox 625 3943 808 4023; x_wconf 73' lang='lat' dir='ltr'><em>dcfcnsorcs</em></span> <span class='ocrx_word' id='word_1_278' title='bbox 839 3944 895 4029; x_wconf 86' lang='lat'><em>(=</em></span> <span class='ocrx_word' id='word_1_279' title='bbox 920 3944 948 4007; x_wconf 89' lang='lat' dir='ltr'><em>si</em></span> <span class='ocrx_word' id='word_1_280' title='bbox 979 3943 1090 4008; x_wconf 89' lang='lat' dir='ltr'><em>deesse</em></span> <span class='ocrx_word' id='word_1_281' title='bbox 1114 3941 1176 4008; x_wconf 90' lang='lat' dir='ltr'><em>sibi</em></span> <span class='ocrx_word' id='word_1_282' title='bbox 1201 3942 1388 4007; x_wconf 88' lang='lat' dir='ltr'><em>docuissent</em></span> <span class='ocrx_word' id='word_1_283' title='bbox 1411 3940 1455 4028; x_wconf 77' lang='lat' dir='ltr'><em>d,</em></span> 
     </span>
     <span class='ocr_line' id='line_1_36' title="bbox 337 4049 663 4137; baseline 0.006 -23"><span class='ocrx_word' id='word_1_284' title='bbox 337 4049 376 4118; x_wconf 84' lang='lat' dir='ltr'><em>cf.</em></span> <span class='ocrx_word' id='word_1_285' title='bbox 401 4049 536 4130; x_wconf 86' lang='lat' dir='ltr'>XXVII,</span> <span class='ocrx_word' id='word_1_286' title='bbox 564 4056 592 4130; x_wconf 78' lang='lat'><em>2,</em></span> <span class='ocrx_word' id='word_1_287' title='bbox 619 4053 663 4137; x_wconf 83' lang='lat'><em>9).</em></span> 
     </span>
    </p>

    <p class='ocr_par' dir='ltr' id='par_1_11' title="bbox 174 4153 1456 4348">
     <span class='ocr_line' id='line_1_37' title="bbox 174 4153 1456 4244; baseline -0.002 -22"><span class='ocrx_word' id='word_1_288' title='bbox 174 4153 265 4237; x_wconf 89' lang='lat' dir='ltr'><em>XIX,</em></span> <span class='ocrx_word' id='word_1_289' title='bbox 292 4160 321 4235; x_wconf 88' lang='grc'><em>9,</em></span> <span class='ocrx_word' id='word_1_290' title='bbox 356 4161 389 4220; x_wconf 88' lang='lat'><em>5:</em></span> <span class='ocrx_word' id='word_1_291' title='bbox 424 4163 561 4239; x_wconf 89' lang='lat' dir='ltr'><em>accepta</em></span> <span class='ocrx_word' id='word_1_292' title='bbox 584 4155 648 4222; x_wconf 88' lang='lat' dir='ltr'><em>fide</em></span> <span class='ocrx_word' id='word_1_293' title='bbox 673 4158 770 4243; x_wconf 91' lang='lat' dir='ltr'><em>quod,</em></span> <span class='ocrx_word' id='word_1_294' title='bbox 794 4161 825 4224; x_wconf 90' lang='lat' dir='ltr'><em>si</em></span> <span class='ocrx_word' id='word_1_295' title='bbox 848 4165 915 4225; x_wconf 82' lang='lat' dir='ltr'><em>into</em></span> <span class='ocrx_word' id='word_1_296' title='bbox 940 4161 1078 4239; x_wconf 80' lang='lat' dir='ltr'><em>licuerit,</em></span> <span class='ocrx_word' id='word_1_297' title='bbox 1108 4164 1263 4244; x_wconf 91' lang='lat' dir='ltr'><em>sequetur</em></span> <span class='ocrx_word' id='word_1_298' title='bbox 1286 4157 1456 4240; x_wconf 87' lang='lat' dir='ltr'><em>coniugem</em></span> 
     </span>
     <span class='ocr_line' id='line_1_38' title="bbox 336 4264 657 4348; baseline 0.012 -20"><span class='ocrx_word' id='word_1_299' title='bbox 336 4264 451 4348; x_wconf 91' lang='lat' dir='ltr'><em>libens,</em></span> <span class='ocrx_word' id='word_1_300' title='bbox 479 4266 583 4332; x_wconf 90' lang='lat' dir='ltr'><em>evasit</em></span> <span class='ocrx_word' id='word_1_301' title='bbox 607 4317 657 4332; x_wconf 89' lang='lat'><em>...</em></span> 
     </span>
    </p>
   </div>
   <div class='ocr_carea' id='block_1_5' title="bbox 214 4431 532 4498">
    <p class='ocr_par' dir='ltr' id='par_1_12' title="bbox 214 4431 532 4498">
     <span class='ocr_line' id='line_1_39' title="bbox 214 4431 532 4498; baseline 0.016 -21"><span class='ocrx_word' id='word_1_302' title='bbox 214 4431 235 4496; x_wconf 84' lang='lat'><em>1)</em></span> <span class='ocrx_word' id='word_1_303' title='bbox 257 4431 286 4478; x_wconf 90' lang='lat' dir='ltr'><em>V.</em></span> <span class='ocrx_word' id='word_1_304' title='bbox 307 4431 374 4479; x_wconf 80' lang='lat' dir='ltr'><em>infra</em></span> <span class='ocrx_word' id='word_1_305' title='bbox 394 4450 419 4496; x_wconf 88' lang='lat' dir='ltr'><em>p.</em></span> <span class='ocrx_word' id='word_1_306' title='bbox 441 4445 470 4496; x_wconf 87' lang='lat'><em>73</em></span> <span class='ocrx_word' id='word_1_307' title='bbox 494 4451 532 4498; x_wconf 84' lang='lat' dir='ltr'><em>sq.</em></span> 
     </span>
    </p>
   </div>
   <div class='ocr_carea' id='block_1_6' title="bbox 0 0 1646 4918">
    <p class='ocr_par' dir='ltr' id='par_1_13' title="bbox 0 0 1646 4918">
     <span class='ocr_line' id='line_1_40' title="bbox 0 0 1646 4918; baseline 0 8"><span class='ocrx_word' id='word_1_308' title='bbox 0 0 1646 4918; x_wconf 95' lang='lat' dir='ltr'><em> </em></span> 
     </span>
    </p>
   </div>
  </div>
 </body>
</html>
