<?xml version="1.0" encoding="UTF-8"?>
<!DOCTYPE html PUBLIC "-//W3C//DTD XHTML 1.0 Transitional//EN"
    "http://www.w3.org/TR/xhtml1/DTD/xhtml1-transitional.dtd">
<html xmlns="http://www.w3.org/1999/xhtml" xml:lang="en" lang="en">
 <head>
  <title>
</title>
<meta http-equiv="Content-Type" content="text/html;charset=utf-8" />
  <meta name='ocr-system' content='tesseract 3.04.00' />
  <meta name='ocr-capabilities' content='ocr_page ocr_carea ocr_par ocr_line ocrx_word'/>
</head>
<body>
  <div class='ocr_page' id='page_1' title='image "./deammianimarcel00reitgoog_0034.png"; bbox 0 0 3282 4918; ppageno 0'>
   <div class='ocr_carea' id='block_1_1' title="bbox 794 185 837 250">
    <p class='ocr_par' dir='ltr' id='par_1_1' title="bbox 794 185 837 250">
     <span class='ocr_line' id='line_1_1' title="bbox 794 185 837 250; baseline 0 0"><span class='ocrx_word' id='word_1_1' title='bbox 794 185 837 250; x_wconf 81' lang='lat'><strong>29</strong></span> 
     </span>
    </p>
   </div>
   <div class='ocr_carea' id='block_1_2' title="bbox 167 358 1454 662">
    <p class='ocr_par' dir='ltr' id='par_1_2' title="bbox 167 358 1454 662">
     <span class='ocr_line' id='line_1_2' title="bbox 167 358 1454 439; baseline -0.002 -13"><span class='ocrx_word' id='word_1_2' title='bbox 167 360 289 439; x_wconf 82' lang='lat' dir='ltr'>XXIII,</span> <span class='ocrx_word' id='word_1_3' title='bbox 318 365 347 437; x_wconf 84' lang='lat'><strong>2,</strong></span> <span class='ocrx_word' id='word_1_4' title='bbox 375 365 408 424; x_wconf 89' lang='lat'><strong>3:</strong></span> <span class='ocrx_word' id='word_1_5' title='bbox 434 360 575 426; x_wconf 87' lang='lat' dir='ltr'><strong>docebat</strong></span> <span class='ocrx_word' id='word_1_6' title='bbox 597 383 662 425; x_wconf 92' lang='lat' dir='ltr'><strong>non</strong></span> <span class='ocrx_word' id='word_1_7' title='bbox 683 361 776 427; x_wconf 80' lang='lat' dir='ltr'><strong>illum</strong></span> <span class='ocrx_word' id='word_1_8' title='bbox 792 361 956 438; x_wconf 86' lang='lat' dir='ltr'><strong>meruisse,</strong></span> <span class='ocrx_word' id='word_1_9' title='bbox 982 359 1040 424; x_wconf 89' lang='lat' dir='ltr'><strong>sed</strong></span> <span class='ocrx_word' id='word_1_10' title='bbox 1056 359 1329 426; x_wconf 76' lang='lat' dir='ltr'><strong>Antiochensibus</strong></span> <span class='ocrx_word' id='word_1_11' title='bbox 1347 358 1454 423; x_wconf 88' lang='lat' dir='ltr'><strong>avaris</strong></span> 
     </span>
     <span class='ocr_line' id='line_1_3' title="bbox 332 469 1214 546; baseline 0 -14"><span class='ocrx_word' id='word_1_12' title='bbox 332 473 367 532; x_wconf 90' lang='lat' dir='ltr'><strong>et</strong></span> <span class='ocrx_word' id='word_1_13' title='bbox 389 469 631 535; x_wconf 80' lang='lat' dir='ltr'>contumeliosis</span> <span class='ocrx_word' id='word_1_14' title='bbox 654 469 840 533; x_wconf 89' lang='lat' dir='ltr'><strong>huiusmodi</strong></span> <span class='ocrx_word' id='word_1_15' title='bbox 864 469 1004 536; x_wconf 84' lang='lat' dir='ltr'><strong>iudicem</strong></span> <span class='ocrx_word' id='word_1_16' title='bbox 1028 469 1214 546; x_wconf 89' lang='lat' dir='ltr'><strong>convenire;</strong></span> 
     </span>
     <span class='ocr_line' id='line_1_4' title="bbox 258 575 1454 662; baseline 0.001 -23"><span class='ocrx_word' id='word_1_17' title='bbox 258 577 308 640; x_wconf 85' lang='lat' dir='ltr'><strong>Ex</strong></span> <span class='ocrx_word' id='word_1_18' title='bbox 331 575 382 653; x_wconf 90' lang='lat' dir='ltr'><strong>iis,</strong></span> <span class='ocrx_word' id='word_1_19' title='bbox 414 577 448 639; x_wconf 91' lang='lat' dir='ltr'><strong>in</strong></span> <span class='ocrx_word' id='word_1_20' title='bbox 472 576 591 659; x_wconf 89' lang='lat' dir='ltr'><strong>quibus</strong></span> <span class='ocrx_word' id='word_1_21' title='bbox 615 578 771 662; x_wconf 77' lang='lat' dir='ltr'><strong>oppositio</strong></span> <span class='ocrx_word' id='word_1_22' title='bbox 795 575 985 655; x_wconf 78' lang='lat' dir='ltr'><strong>exhibetur,</strong></span> <span class='ocrx_word' id='word_1_23' title='bbox 1019 576 1190 662; x_wconf 88' lang='lat' dir='ltr'><strong>exemplis,</strong></span> <span class='ocrx_word' id='word_1_24' title='bbox 1223 575 1350 640; x_wconf 86' lang='lat' dir='ltr'><strong>omissis</strong></span> <span class='ocrx_word' id='word_1_25' title='bbox 1373 575 1454 640; x_wconf 86' lang='lat' dir='ltr'><strong>loeis</strong></span> 
     </span>
    </p>
   </div>
   <div class='ocr_carea' id='block_1_3' title="bbox 170 681 1632 761">
    <p class='ocr_par' dir='ltr' id='par_1_3' title="bbox 170 681 1632 761">
     <span class='ocr_line' id='line_1_5' title="bbox 170 681 1632 761; baseline -0.001 -13"><span class='ocrx_word' id='word_1_26' title='bbox 170 690 207 748; x_wconf 92' lang='lat' dir='ltr'><strong>ut</strong></span> <span class='ocrx_word' id='word_1_27' title='bbox 230 683 317 760; x_wconf 86' lang='lat' dir='ltr'>XXI,</span> <span class='ocrx_word' id='word_1_28' title='bbox 346 692 374 760; x_wconf 93' lang='lat'><strong>1,</strong></span> <span class='ocrx_word' id='word_1_29' title='bbox 403 686 441 746; x_wconf 86' lang='lat'><strong>13</strong></span> <span class='ocrx_word' id='word_1_30' title='bbox 466 688 500 747; x_wconf 88' lang='lat' dir='ltr'><strong>et</strong></span> <span class='ocrx_word' id='word_1_31' title='bbox 522 681 622 760; x_wconf 87' lang='lat' dir='ltr'>XXX,</span> <span class='ocrx_word' id='word_1_32' title='bbox 648 687 677 761; x_wconf 87' lang='grc'><strong>8,</strong></span> <span class='ocrx_word' id='word_1_33' title='bbox 704 687 733 761; x_wconf 88' lang='lat'><strong>8,</strong></span> <span class='ocrx_word' id='word_1_34' title='bbox 766 705 840 750; x_wconf 90' lang='lat' dir='ltr'><strong>oum</strong></span> <span class='ocrx_word' id='word_1_35' title='bbox 864 684 898 748; x_wconf 90' lang='lat' dir='ltr'><strong>in</strong></span> <span class='ocrx_word' id='word_1_36' title='bbox 922 685 1070 749; x_wconf 91' lang='lat' dir='ltr'><strong>oratione</strong></span> <span class='ocrx_word' id='word_1_37' title='bbox 1094 689 1186 749; x_wconf 89' lang='lat' dir='ltr'><strong>recta</strong></span> <span class='ocrx_word' id='word_1_38' title='bbox 1211 684 1323 749; x_wconf 90' lang='lat' dir='ltr'><strong>eadem</strong></span> <span class='ocrx_word' id='word_1_39' title='bbox 1348 683 1455 748; x_wconf 86' lang='lat' dir='ltr'><strong>forma</strong></span> <span class='ocrx_word' id='word_1_40' title='bbox 1577 743 1582 750; x_wconf 77' lang='grc'><strong>,</strong></span> <span class='ocrx_word' id='word_1_41' title='bbox 1631 731 1632 740; x_wconf 55' lang='grc'><strong>,</strong></span> 
     </span>
    </p>
   </div>
   <div class='ocr_carea' id='block_1_4' title="bbox 167 788 1458 3458">
    <p class='ocr_par' dir='ltr' id='par_1_4' title="bbox 167 788 1458 3458">
     <span class='ocr_line' id='line_1_6' title="bbox 169 788 871 874; baseline 0 -19"><span class='ocrx_word' id='word_1_42' title='bbox 169 792 315 874; x_wconf 86' lang='lat' dir='ltr'><strong>expressi</strong></span> <span class='ocrx_word' id='word_1_43' title='bbox 339 796 460 866; x_wconf 82' lang='lat' dir='ltr'><strong>essent,</strong></span> <span class='ocrx_word' id='word_1_44' title='bbox 487 790 574 856; x_wconf 87' lang='lat' dir='ltr'><strong>huno</strong></span> <span class='ocrx_word' id='word_1_45' title='bbox 597 811 698 855; x_wconf 91' lang='lat' dir='ltr'><strong>unum</strong></span> <span class='ocrx_word' id='word_1_46' title='bbox 721 788 871 857; x_wconf 88' lang='lat' dir='ltr'><strong>afferam:</strong></span> 
     </span>
     <span class='ocr_line' id='line_1_7' title="bbox 167 897 1456 983; baseline 0 -21"><span class='ocrx_word' id='word_1_47' title='bbox 167 898 268 975; x_wconf 88' lang='lat' dir='ltr'>XXV,</span> <span class='ocrx_word' id='word_1_48' title='bbox 297 904 324 976; x_wconf 87' lang='lat'><strong>1,</strong></span> <span class='ocrx_word' id='word_1_49' title='bbox 353 903 387 960; x_wconf 82' lang='lat'><strong>7:</strong></span> <span class='ocrx_word' id='word_1_50' title='bbox 425 897 652 962; x_wconf 79' lang='lat' dir='ltr'><strong>Tertiacorum</strong></span> <span class='ocrx_word' id='word_1_51' title='bbox 676 900 837 983; x_wconf 89' lang='lat' dir='ltr'><strong>equestris</strong></span> <span class='ocrx_word' id='word_1_52' title='bbox 859 920 1014 964; x_wconf 88' lang='lat' dir='ltr'><strong>numerus</strong></span> <span class='ocrx_word' id='word_1_53' title='bbox 1038 920 1058 964; x_wconf 86' lang='lat' dir='ltr'><strong>a</strong></span> <span class='ocrx_word' id='word_1_54' title='bbox 1081 898 1264 982; x_wconf 85' lang='lat' dir='ltr'><strong>legionibus</strong></span> <span class='ocrx_word' id='word_1_55' title='bbox 1288 899 1456 963; x_wconf 84' lang='lat' dir='ltr'><strong>incusatus</strong></span> 
     </span>
     <span class='ocr_line' id='line_1_8' title="bbox 332 1005 1455 1091; baseline 0 -22"><span class='ocrx_word' id='word_1_56' title='bbox 332 1009 391 1083; x_wconf 91' lang='lat' dir='ltr'><strong>est,</strong></span> <span class='ocrx_word' id='word_1_57' title='bbox 423 1005 522 1089; x_wconf 91' lang='lat' dir='ltr'><strong>quod,</strong></span> <span class='ocrx_word' id='word_1_58' title='bbox 555 1027 628 1069; x_wconf 89' lang='lat' dir='ltr'><strong>cnm</strong></span> <span class='ocrx_word' id='word_1_59' title='bbox 651 1008 744 1091; x_wconf 76' lang='lat' dir='ltr'><strong>ipsae</strong></span> <span class='ocrx_word' id='word_1_60' title='bbox 768 1006 911 1072; x_wconf 90' lang='lat' dir='ltr'><strong>hostium</strong></span> <span class='ocrx_word' id='word_1_61' title='bbox 935 1005 1088 1072; x_wconf 86' lang='lat' dir='ltr'><strong>adversas</strong></span> <span class='ocrx_word' id='word_1_62' title='bbox 1111 1006 1336 1089; x_wconf 90' lang='lat' dir='ltr'><strong>inrumperent</strong></span> <span class='ocrx_word' id='word_1_63' title='bbox 1359 1005 1455 1084; x_wconf 90' lang='lat' dir='ltr'><strong>acies,</strong></span> 
     </span>
     <span class='ocr_line' id='line_1_9' title="bbox 330 1111 1173 1198; baseline 0.006 -21"><span class='ocrx_word' id='word_1_64' title='bbox 330 1111 385 1177; x_wconf 78' lang='lat' dir='ltr'><strong>illi</strong></span> <span class='ocrx_word' id='word_1_65' title='bbox 401 1164 407 1178; x_wconf 91' lang='lat'><strong>.</strong></span> <span class='ocrx_word' id='word_1_66' title='bbox 426 1163 432 1177; x_wconf 91' lang='lat'><strong>.</strong></span> <span class='ocrx_word' id='word_1_67' title='bbox 452 1163 458 1176; x_wconf 95' lang='lat'>.</span> <span class='ocrx_word' id='word_1_68' title='bbox 478 1163 486 1178; x_wconf 86' lang='lat'><strong>.</strong></span> <span class='ocrx_word' id='word_1_69' title='bbox 510 1112 740 1178; x_wconf 89' lang='lat' dir='ltr'><strong>alacritatem.</strong></span> <span class='ocrx_word' id='word_1_70' title='bbox 760 1164 766 1178; x_wconf 93' lang='lat'>.</span> <span class='ocrx_word' id='word_1_71' title='bbox 786 1163 817 1179; x_wconf 91' lang='lat'><strong>..</strong></span> <span class='ocrx_word' id='word_1_72' title='bbox 843 1135 947 1198; x_wconf 88' lang='lat' dir='ltr'><strong>paene</strong></span> <span class='ocrx_word' id='word_1_73' title='bbox 971 1115 1173 1182; x_wconf 86' lang='lat' dir='ltr'><strong>minuissent.</strong></span> 
     </span>
     <span class='ocr_line' id='line_1_10' title="bbox 439 1221 923 1288; baseline 0 -2"><span class='ocrx_word' id='word_1_74' title='bbox 439 1221 510 1286; x_wconf 78' lang='lat' dir='ltr'><strong>sine</strong></span> <span class='ocrx_word' id='word_1_75' title='bbox 533 1222 657 1288; x_wconf 80' lang='lat' dir='ltr'><strong>maiore</strong></span> <span class='ocrx_word' id='word_1_76' title='bbox 679 1223 714 1287; x_wconf 82' lang='lat' dir='ltr'><strong>oi</strong></span> <span class='ocrx_word' id='word_1_77' title='bbox 737 1221 923 1287; x_wconf 89' lang='lat' dir='ltr'><strong>adhibitum</strong></span> 
     </span>
     <span class='ocr_line' id='line_1_11' title="bbox 172 1327 1458 1414; baseline 0.001 -23"><span class='ocrx_word' id='word_1_78' title='bbox 172 1327 239 1406; x_wconf 90' lang='lat' dir='ltr'><strong>XV,</strong></span> <span class='ocrx_word' id='word_1_79' title='bbox 269 1332 316 1407; x_wconf 87' lang='lat'><strong>12,</strong></span> <span class='ocrx_word' id='word_1_80' title='bbox 342 1334 377 1392; x_wconf 88' lang='lat'><strong>4:</strong></span> <span class='ocrx_word' id='word_1_81' title='bbox 401 1328 451 1393; x_wconf 90' lang='lat' dir='ltr'><strong>ait</strong></span> <span class='ocrx_word' id='word_1_82' title='bbox 474 1328 599 1393; x_wconf 89' lang='lat' dir='ltr'><strong>Tullius</strong></span> <span class='ocrx_word' id='word_1_83' title='bbox 616 1329 728 1396; x_wconf 86' lang='lat' dir='ltr'><strong>Gallos</strong></span> <span class='ocrx_word' id='word_1_84' title='bbox 751 1329 931 1414; x_wconf 88' lang='lat' dir='ltr'><strong>posthaec</strong></span> <span class='ocrx_word' id='word_1_85' title='bbox 955 1329 1091 1394; x_wconf 88' lang='lat' dir='ltr'><strong>dilutius</strong></span> <span class='ocrx_word' id='word_1_86' title='bbox 1115 1350 1185 1394; x_wconf 88' lang='lat' dir='ltr'><strong>esse</strong></span> <span class='ocrx_word' id='word_1_87' title='bbox 1208 1334 1343 1413; x_wconf 89' lang='lat' dir='ltr'><strong>poturos</strong></span> <span class='ocrx_word' id='word_1_88' title='bbox 1368 1327 1458 1412; x_wconf 89' lang='lat' dir='ltr'><strong>quod</strong></span> 
     </span>
     <span class='ocr_line' id='line_1_12' title="bbox 331 1436 938 1503; baseline -0.002 -2"><span class='ocrx_word' id='word_1_89' title='bbox 331 1436 386 1501; x_wconf 80' lang='lat' dir='ltr'><strong>illi</strong></span> <span class='ocrx_word' id='word_1_90' title='bbox 408 1457 568 1502; x_wconf 86' lang='lat' dir='ltr'><strong>venenum</strong></span> <span class='ocrx_word' id='word_1_91' title='bbox 591 1459 662 1503; x_wconf 87' lang='lat' dir='ltr'><strong>esse</strong></span> <span class='ocrx_word' id='word_1_92' title='bbox 686 1437 938 1503; x_wconf 86' lang='lat' dir='ltr'><strong>arbitrabantur</strong></span> 
     </span>
     <span class='ocr_line' id='line_1_13' title="bbox 169 1542 1458 1630; baseline 0.002 -24"><span class='ocrx_word' id='word_1_93' title='bbox 169 1542 304 1621; x_wconf 90' lang='lat' dir='ltr'>XXVII,</span> <span class='ocrx_word' id='word_1_94' title='bbox 332 1548 360 1621; x_wconf 88' lang='lat'><strong>3,</strong></span> <span class='ocrx_word' id='word_1_95' title='bbox 386 1550 423 1608; x_wconf 82' lang='lat'><strong>4:</strong></span> <span class='ocrx_word' id='word_1_96' title='bbox 455 1543 589 1629; x_wconf 86' lang='lat' dir='ltr'><strong>quidam</strong></span> <span class='ocrx_word' id='word_1_97' title='bbox 612 1544 758 1630; x_wconf 90' lang='lat' dir='ltr'><strong>plebeius</strong></span> <span class='ocrx_word' id='word_1_98' title='bbox 781 1544 923 1610; x_wconf 87' lang='lat' dir='ltr'><strong>finxerat</strong></span> <span class='ocrx_word' id='word_1_99' title='bbox 951 1545 1047 1610; x_wconf 79' lang='lat' dir='ltr'><strong>illam</strong></span> <span class='ocrx_word' id='word_1_100' title='bbox 1071 1543 1240 1610; x_wconf 88' lang='lat' dir='ltr'><strong>dixisse..</strong></span> <span class='ocrx_word' id='word_1_101' title='bbox 1261 1595 1293 1612; x_wconf 87' lang='lat'><strong>..</strong></span> <span class='ocrx_word' id='word_1_102' title='bbox 1316 1543 1458 1610; x_wconf 86' lang='lat' dir='ltr'><strong>libenter</strong></span> 
     </span>
     <span class='ocr_line' id='line_1_14' title="bbox 332 1645 1058 1736; baseline 0.001 -22"><span class='ocrx_word' id='word_1_103' title='bbox 332 1673 367 1715; x_wconf 90' lang='lat' dir='ltr'><strong>se</strong></span> <span class='ocrx_word' id='word_1_104' title='bbox 390 1652 463 1717; x_wconf 87' lang='lat' dir='ltr'><strong>vino</strong></span> <span class='ocrx_word' id='word_1_105' title='bbox 488 1654 621 1736; x_wconf 93' lang='lat' dir='ltr'><strong>proprio</strong></span> <span class='ocrx_word' id='word_1_106' title='bbox 646 1652 805 1719; x_wconf 88' lang='lat' dir='ltr'><strong>calcarias</strong></span> <span class='ocrx_word' id='word_1_107' title='bbox 829 1645 1058 1717; x_wconf 87' lang='lat' dir='ltr'><strong>extincturum.</strong></span> 
     </span>
     <span class='ocr_line' id='line_1_15' title="bbox 172 1757 1456 1849; baseline 0.003 -29"><span class='ocrx_word' id='word_1_108' title='bbox 172 1757 290 1834; x_wconf 92' lang='lat' dir='ltr'>XXXI,</span> <span class='ocrx_word' id='word_1_109' title='bbox 311 1764 336 1837; x_wconf 95' lang='lat' dir='ltr'><strong>l,</strong></span> <span class='ocrx_word' id='word_1_110' title='bbox 356 1764 389 1824; x_wconf 91' lang='lat'><strong>3:</strong></span> <span class='ocrx_word' id='word_1_111' title='bbox 415 1781 499 1843; x_wconf 88' lang='lat' dir='ltr'><strong>qnae</strong></span> <span class='ocrx_word' id='word_1_112' title='bbox 525 1759 582 1842; x_wconf 85' lang='lat' dir='ltr'><strong>(se.</strong></span> <span class='ocrx_word' id='word_1_113' title='bbox 599 1759 764 1849; x_wconf 88' lang='lat' dir='ltr'><strong>prodigia)</strong></span> <span class='ocrx_word' id='word_1_114' title='bbox 785 1760 872 1825; x_wconf 87' lang='lat' dir='ltr'><strong>huno</strong></span> <span class='ocrx_word' id='word_1_115' title='bbox 896 1761 950 1826; x_wconf 83' lang='lat' dir='ltr'><strong>illi</strong></span> <span class='ocrx_word' id='word_1_116' title='bbox 973 1759 1149 1842; x_wconf 89' lang='lat' dir='ltr'><strong>inpendere</strong></span> <span class='ocrx_word' id='word_1_117' title='bbox 1174 1760 1296 1824; x_wconf 88' lang='lat' dir='ltr'><strong>exitum</strong></span> <span class='ocrx_word' id='word_1_118' title='bbox 1320 1760 1456 1824; x_wconf 88' lang='lat' dir='ltr'><strong>vitae...</strong></span> 
     </span>
     <span class='ocr_line' id='line_1_16' title="bbox 335 1867 575 1934; baseline 0 -2"><span class='ocrx_word' id='word_1_119' title='bbox 335 1867 575 1934; x_wconf 88' lang='lat' dir='ltr'><strong>monstrabant.</strong></span> 
     </span>
     <span class='ocr_line' id='line_1_17' title="bbox 275 1973 733 2061; baseline 0.009 -23"><span class='ocrx_word' id='word_1_120' title='bbox 275 1973 311 2061; x_wconf 89' lang='lat' dir='ltr'><strong>b)</strong></span> <span class='ocrx_word' id='word_1_121' title='bbox 334 1977 372 2040; x_wconf 83' lang='lat' dir='ltr'><strong>in</strong></span> <span class='ocrx_word' id='word_1_122' title='bbox 394 1979 489 2043; x_wconf 82' lang='lat' dir='ltr'><strong>rebus</strong></span> <span class='ocrx_word' id='word_1_123' title='bbox 513 1976 733 2060; x_wconf 70' lang='lat' dir='ltr'><strong>reprimendis</strong></span> 
     </span>
     <span class='ocr_line' id='line_1_18' title="bbox 440 2081 985 2168; baseline -0.004 -20"><span class='ocrx_word' id='word_1_124' title='bbox 440 2084 563 2168; x_wconf 91' lang='lat' dir='ltr'><strong>ubique</strong></span> <span class='ocrx_word' id='word_1_125' title='bbox 587 2105 659 2149; x_wconf 82' lang='lat' dir='ltr'><strong>com</strong></span> <span class='ocrx_word' id='word_1_126' title='bbox 681 2085 805 2149; x_wconf 80' lang='lat' dir='ltr'><strong>maiore</strong></span> <span class='ocrx_word' id='word_1_127' title='bbox 828 2083 871 2160; x_wconf 78' lang='lat' dir='ltr'><strong>oi,</strong></span> <span class='ocrx_word' id='word_1_128' title='bbox 894 2081 985 2148; x_wconf 89' lang='lat' dir='ltr'><strong>velut</strong></span> 
     </span>
     <span class='ocr_line' id='line_1_19' title="bbox 171 2189 1082 2268; baseline 0.001 -16"><span class='ocrx_word' id='word_1_129' title='bbox 171 2189 258 2268; x_wconf 93' lang='lat' dir='ltr'>XIV,</span> <span class='ocrx_word' id='word_1_130' title='bbox 286 2196 317 2268; x_wconf 88' lang='grc'><strong>9,</strong></span> <span class='ocrx_word' id='word_1_131' title='bbox 342 2195 377 2256; x_wconf 81' lang='lat'><strong>5:</strong></span> <span class='ocrx_word' id='word_1_132' title='bbox 401 2191 611 2258; x_wconf 88' lang='lat' dir='ltr'><strong>latrocinium</strong></span> <span class='ocrx_word' id='word_1_133' title='bbox 635 2192 722 2256; x_wconf 77' lang='lat' dir='ltr'><strong>illud</strong></span> <span class='ocrx_word' id='word_1_134' title='bbox 744 2211 813 2255; x_wconf 88' lang='lat' dir='ltr'><strong>esee</strong></span> <span class='ocrx_word' id='word_1_135' title='bbox 836 2208 902 2255; x_wconf 92' lang='lat' dir='ltr'><strong>non</strong></span> <span class='ocrx_word' id='word_1_136' title='bbox 925 2189 1082 2254; x_wconf 83' lang='lat' dir='ltr'><strong>iudicium</strong></span> 
     </span>
     <span class='ocr_line' id='line_1_20' title="bbox 172 2296 1458 2381; baseline 0.001 -21"><span class='ocrx_word' id='word_1_137' title='bbox 172 2297 259 2375; x_wconf 93' lang='lat' dir='ltr'>XXI,</span> <span class='ocrx_word' id='word_1_138' title='bbox 280 2302 331 2378; x_wconf 94' lang='grc'><strong>16,</strong></span> <span class='ocrx_word' id='word_1_139' title='bbox 352 2304 407 2363; x_wconf 87' lang='lat'><strong>14:</strong></span> <span class='ocrx_word' id='word_1_140' title='bbox 432 2306 543 2365; x_wconf 89' lang='lat' dir='ltr'><strong>monet</strong></span> <span class='ocrx_word' id='word_1_141' title='bbox 560 2349 566 2363; x_wconf 93' lang='lat'>.</span> <span class='ocrx_word' id='word_1_142' title='bbox 583 2350 589 2364; x_wconf 91' lang='lat'><strong>.</strong></span> <span class='ocrx_word' id='word_1_143' title='bbox 609 2350 615 2364; x_wconf 92' lang='lat'><strong>.</strong></span> <span class='ocrx_word' id='word_1_144' title='bbox 634 2350 641 2364; x_wconf 91' lang='lat'><em>.</em></span> <span class='ocrx_word' id='word_1_145' title='bbox 666 2300 752 2364; x_wconf 80' lang='lat' dir='ltr'><strong>illud</strong></span> <span class='ocrx_word' id='word_1_146' title='bbox 766 2319 842 2362; x_wconf 85' lang='lat' dir='ltr'><strong>vero</strong></span> <span class='ocrx_word' id='word_1_147' title='bbox 860 2298 1002 2363; x_wconf 91' lang='lat' dir='ltr'><strong>eminere</strong></span> <span class='ocrx_word' id='word_1_148' title='bbox 1018 2298 1104 2362; x_wconf 88' lang='lat' dir='ltr'><strong>inter</strong></span> <span class='ocrx_word' id='word_1_149' title='bbox 1120 2297 1313 2381; x_wconf 89' lang='lat' dir='ltr'><strong>praecipuas</strong></span> <span class='ocrx_word' id='word_1_150' title='bbox 1332 2296 1458 2374; x_wconf 88' lang='lat' dir='ltr'><strong>laudes,</strong></span> 
     </span>
     <span class='ocr_line' id='line_1_21' title="bbox 335 2404 1457 2491; baseline -0.002 -21"><span class='ocrx_word' id='word_1_151' title='bbox 335 2428 408 2471; x_wconf 90' lang='lat' dir='ltr'><strong>cum</strong></span> <span class='ocrx_word' id='word_1_152' title='bbox 440 2408 529 2473; x_wconf 87' lang='lat' dir='ltr'><strong>velut</strong></span> <span class='ocrx_word' id='word_1_153' title='bbox 559 2405 618 2472; x_wconf 92' lang='lat' dir='ltr'><strong>sub</strong></span> <span class='ocrx_word' id='word_1_154' title='bbox 649 2407 762 2491; x_wconf 89' lang='lat' dir='ltr'><strong>iugum</strong></span> <span class='ocrx_word' id='word_1_155' title='bbox 793 2405 892 2470; x_wconf 89' lang='lat' dir='ltr'><strong>missa</strong></span> <span class='ocrx_word' id='word_1_156' title='bbox 922 2404 1085 2471; x_wconf 88' lang='lat' dir='ltr'><strong>saeviendi</strong></span> <span class='ocrx_word' id='word_1_157' title='bbox 1112 2405 1293 2489; x_wconf 87' lang='lat' dir='ltr'><strong>eupiditate</strong></span> <span class='ocrx_word' id='word_1_158' title='bbox 1323 2404 1357 2468; x_wconf 92' lang='lat' dir='ltr'><strong>in</strong></span> <span class='ocrx_word' id='word_1_159' title='bbox 1382 2425 1457 2469; x_wconf 88' lang='lat' dir='ltr'><strong>arce</strong></span> 
     </span>
     <span class='ocr_line' id='line_1_22' title="bbox 334 2513 1165 2596; baseline -0.002 -17"><span class='ocrx_word' id='word_1_160' title='bbox 334 2515 468 2580; x_wconf 85' lang='lat' dir='ltr'><strong>victoris</strong></span> <span class='ocrx_word' id='word_1_161' title='bbox 491 2515 591 2581; x_wconf 90' lang='lat' dir='ltr'><strong>animi</strong></span> <span class='ocrx_word' id='word_1_162' title='bbox 615 2520 789 2596; x_wconf 89' lang='lat' dir='ltr'><strong>tropaeum</strong></span> <span class='ocrx_word' id='word_1_163' title='bbox 813 2513 956 2578; x_wconf 86' lang='lat' dir='ltr'><strong>erexerit</strong></span> <span class='ocrx_word' id='word_1_164' title='bbox 979 2513 1165 2594; x_wconf 85' lang='lat' dir='ltr'><strong>gloriosum.</strong></span> 
     </span>
     <span class='ocr_line' id='line_1_23' title="bbox 266 2621 895 2705; baseline 0 -21"><span class='ocrx_word' id='word_1_165' title='bbox 266 2621 313 2684; x_wconf 77' lang='lat' dir='ltr'><strong>hd</strong></span> <span class='ocrx_word' id='word_1_166' title='bbox 336 2643 390 2686; x_wconf 92' lang='lat' dir='ltr'><strong>res</strong></span> <span class='ocrx_word' id='word_1_167' title='bbox 412 2622 605 2687; x_wconf 88' lang='lat' dir='ltr'><strong>remotiores</strong></span> <span class='ocrx_word' id='word_1_168' title='bbox 629 2626 758 2705; x_wconf 87' lang='lat' dir='ltr'><strong>spectat</strong></span> <span class='ocrx_word' id='word_1_169' title='bbox 780 2621 895 2699; x_wconf 55' lang='lat' dir='ltr'><strong>„oles</strong></span> 
     </span>
     <span class='ocr_line' id='line_1_24' title="bbox 172 2725 1456 2813; baseline -0.002 -22"><span class='ocrx_word' id='word_1_170' title='bbox 172 2728 276 2806; x_wconf 91' lang='lat' dir='ltr'>XXII,</span> <span class='ocrx_word' id='word_1_171' title='bbox 306 2733 357 2805; x_wconf 87' lang='lat'><strong>15,</strong></span> <span class='ocrx_word' id='word_1_172' title='bbox 382 2735 416 2793; x_wconf 79' lang='lat'><strong>6:</strong></span> <span class='ocrx_word' id='word_1_173' title='bbox 443 2751 482 2795; x_wconf 83' lang='lat' dir='ltr'><strong>ex</strong></span> <span class='ocrx_word' id='word_1_174' title='bbox 507 2728 708 2811; x_wconf 83' lang='lat' dir='ltr'><strong>Aethiopicis</strong></span> <span class='ocrx_word' id='word_1_175' title='bbox 732 2726 901 2802; x_wconf 87' lang='lat' dir='ltr'><strong>imbribus,</strong></span> <span class='ocrx_word' id='word_1_176' title='bbox 928 2727 984 2813; x_wconf 90' lang='lat' dir='ltr'><strong>qui</strong></span> <span class='ocrx_word' id='word_1_177' title='bbox 1007 2725 1212 2791; x_wconf 86' lang='lat' dir='ltr'><strong>abundantes</strong></span> <span class='ocrx_word' id='word_1_178' title='bbox 1238 2728 1270 2789; x_wconf 92' lang='lat' dir='ltr'><strong>in</strong></span> <span class='ocrx_word' id='word_1_179' title='bbox 1294 2725 1456 2790; x_wconf 84' lang='lat' dir='ltr'><strong>tractibus</strong></span> 
     </span>
     <span class='ocr_line' id='line_1_25' title="bbox 332 2831 1455 2920; baseline -0.005 -18"><span class='ocrx_word' id='word_1_180' title='bbox 332 2837 402 2902; x_wconf 80' lang='lat' dir='ltr'><strong>illis</strong></span> <span class='ocrx_word' id='word_1_181' title='bbox 423 2859 483 2920; x_wconf 91' lang='lat' dir='ltr'><strong>per</strong></span> <span class='ocrx_word' id='word_1_182' title='bbox 507 2843 617 2903; x_wconf 89' lang='lat' dir='ltr'><strong>aestus</strong></span> <span class='ocrx_word' id='word_1_183' title='bbox 639 2836 783 2900; x_wconf 88' lang='lat' dir='ltr'><strong>torridos</strong></span> <span class='ocrx_word' id='word_1_184' title='bbox 807 2833 924 2900; x_wconf 88' lang='lat' dir='ltr'><strong>cadere</strong></span> <span class='ocrx_word' id='word_1_185' title='bbox 948 2840 1184 2912; x_wconf 86' lang='lat' dir='ltr'><strong>memorantur,</strong></span> <span class='ocrx_word' id='word_1_186' title='bbox 1218 2831 1455 2898; x_wconf 87' lang='lat' dir='ltr'><strong>exundationes</strong></span> 
     </span>
     <span class='ocr_line' id='line_1_26' title="bbox 335 2942 638 3031; baseline 0 -23"><span class='ocrx_word' id='word_1_187' title='bbox 335 2944 403 3008; x_wconf 87' lang='lat' dir='ltr'><strong>eius</strong></span> <span class='ocrx_word' id='word_1_188' title='bbox 427 2942 523 3031; x_wconf 86' lang='lat' dir='ltr'><strong>(Nili)</strong></span> <span class='ocrx_word' id='word_1_189' title='bbox 548 2943 638 3027; x_wconf 88' lang='lat' dir='ltr'><strong>erigi.</strong></span> 
     </span>
     <span class='ocr_line' id='line_1_27' title="bbox 267 3049 908 3135; baseline -0.002 -20"><span class='ocrx_word' id='word_1_190' title='bbox 267 3049 434 3135; x_wconf 75' lang='lat' dir='ltr'><strong>oppositio</strong></span> <span class='ocrx_word' id='word_1_191' title='bbox 456 3056 591 3117; x_wconf 88' lang='lat' dir='ltr'><strong>notatur</strong></span> <span class='ocrx_word' id='word_1_192' title='bbox 613 3050 676 3115; x_wconf 89' lang='lat' dir='ltr'><strong>hoc</strong></span> <span class='ocrx_word' id='word_1_193' title='bbox 698 3049 908 3135; x_wconf 91' lang='lat' dir='ltr'><strong>pronomine:</strong></span> 
     </span>
     <span class='ocr_line' id='line_1_28' title="bbox 174 3156 1456 3241; baseline -0.002 -21"><span class='ocrx_word' id='word_1_194' title='bbox 174 3158 324 3236; x_wconf 87' lang='lat' dir='ltr'>XXVIII,</span> <span class='ocrx_word' id='word_1_195' title='bbox 354 3164 383 3236; x_wconf 93' lang='grc'><strong>1,</strong></span> <span class='ocrx_word' id='word_1_196' title='bbox 409 3163 463 3223; x_wconf 88' lang='lat'><strong>15:</strong></span> <span class='ocrx_word' id='word_1_197' title='bbox 496 3164 679 3241; x_wconf 87' lang='lat' dir='ltr'><strong>strepentes</strong></span> <span class='ocrx_word' id='word_1_198' title='bbox 703 3160 741 3224; x_wconf 83' lang='lat' dir='ltr'><strong>id</strong></span> <span class='ocrx_word' id='word_1_199' title='bbox 761 3164 872 3222; x_wconf 85' lang='lat' dir='ltr'><strong>actum</strong></span> <span class='ocrx_word' id='word_1_200' title='bbox 896 3177 965 3222; x_wconf 88' lang='lat' dir='ltr'><strong>esse</strong></span> <span class='ocrx_word' id='word_1_201' title='bbox 987 3157 1088 3240; x_wconf 88' lang='lat' dir='ltr'><strong>prius,</strong></span> <span class='ocrx_word' id='word_1_202' title='bbox 1113 3177 1178 3220; x_wconf 94' lang='lat' dir='ltr'><strong>non</strong></span> <span class='ocrx_word' id='word_1_203' title='bbox 1202 3156 1295 3234; x_wconf 79' lang='lat' dir='ltr'><strong>illud,</strong></span> <span class='ocrx_word' id='word_1_204' title='bbox 1325 3162 1384 3220; x_wconf 90' lang='lat' dir='ltr'><strong>ant</strong></span> <span class='ocrx_word' id='word_1_205' title='bbox 1408 3175 1456 3234; x_wconf 91' lang='lat' dir='ltr'><strong>ea,</strong></span> 
     </span>
     <span class='ocr_line' id='line_1_29' title="bbox 338 3266 861 3350; baseline 0 -20"><span class='ocrx_word' id='word_1_206' title='bbox 338 3287 422 3349; x_wconf 90' lang='lat' dir='ltr'><strong>quae</strong></span> <span class='ocrx_word' id='word_1_207' title='bbox 445 3266 587 3331; x_wconf 87' lang='lat' dir='ltr'><strong>viderint</strong></span> <span class='ocrx_word' id='word_1_208' title='bbox 609 3267 861 3350; x_wconf 87' lang='lat' dir='ltr'><strong>praetermissa:</strong></span> 
     </span>
     <span class='ocr_line' id='line_1_30' title="bbox 262 3370 1264 3458; baseline -0.002 -21"><span class='ocrx_word' id='word_1_209' title='bbox 262 3373 444 3438; x_wconf 89' lang='lat' dir='ltr'><strong>Personam</strong></span> <span class='ocrx_word' id='word_1_210' title='bbox 467 3381 501 3439; x_wconf 88' lang='lat' dir='ltr'><strong>et</strong></span> <span class='ocrx_word' id='word_1_211' title='bbox 523 3396 584 3452; x_wconf 91' lang='lat' dir='ltr'><strong>res,</strong></span> <span class='ocrx_word' id='word_1_212' title='bbox 612 3374 651 3438; x_wconf 87' lang='lat' dir='ltr'><strong>de</strong></span> <span class='ocrx_word' id='word_1_213' title='bbox 676 3371 795 3458; x_wconf 89' lang='lat' dir='ltr'><strong>quibus</strong></span> <span class='ocrx_word' id='word_1_214' title='bbox 819 3373 940 3456; x_wconf 87' lang='lat' dir='ltr'><strong>agitur,</strong></span> <span class='ocrx_word' id='word_1_215' title='bbox 964 3371 1099 3436; x_wconf 86' lang='lat' dir='ltr'><strong>denotat</strong></span> <span class='ocrx_word' id='word_1_216' title='bbox 1123 3370 1264 3454; x_wconf 89' lang='lat' dir='ltr'><strong>denique</strong></span> 
     </span>
    </p>
   </div>
   <div class='ocr_carea' id='block_1_5' title="bbox 649 3553 980 3643">
    <p class='ocr_par' dir='ltr' id='par_1_5' title="bbox 649 3553 980 3643">
     <span class='ocr_line' id='line_1_31' title="bbox 649 3553 980 3643; baseline -0.003 -20"><span class='ocrx_word' id='word_1_217' title='bbox 649 3555 684 3624; x_wconf 86' lang='grc'><strong>3.</strong></span> <span class='ocrx_word' id='word_1_218' title='bbox 709 3570 890 3643; x_wconf 84' lang='lat' dir='ltr'><strong>pronomen</strong></span> <span class='ocrx_word' id='word_1_219' title='bbox 916 3553 980 3622; x_wconf 85' lang='lat' dir='ltr'><strong>hic.</strong></span> 
     </span>
    </p>
   </div>
   <div class='ocr_carea' id='block_1_6' title="bbox 173 3692 1458 4326">
    <p class='ocr_par' dir='ltr' id='par_1_6' title="bbox 173 3692 1458 4326">
     <span class='ocr_line' id='line_1_32' title="bbox 265 3692 1456 3782; baseline -0.003 -22"><span class='ocrx_word' id='word_1_220' title='bbox 265 3695 345 3760; x_wconf 85' lang='lat' dir='ltr'><strong>Cum</strong></span> <span class='ocrx_word' id='word_1_221' title='bbox 377 3698 555 3780; x_wconf 85' lang='lat' dir='ltr'><strong>generatim</strong></span> <span class='ocrx_word' id='word_1_222' title='bbox 588 3697 651 3761; x_wconf 89' lang='lat' dir='ltr'><strong>dici</strong></span> <span class='ocrx_word' id='word_1_223' title='bbox 680 3698 784 3782; x_wconf 88' lang='lat' dir='ltr'><strong>possit</strong></span> <span class='ocrx_word' id='word_1_224' title='bbox 814 3717 993 3780; x_wconf 91' lang='lat' dir='ltr'><strong>pronomen</strong></span> <span class='ocrx_word' id='word_1_225' title='bbox 1021 3695 1111 3776; x_wconf 82' lang='lat' dir='ltr'><strong>,ille“</strong></span> <span class='ocrx_word' id='word_1_226' title='bbox 1139 3692 1290 3758; x_wconf 86' lang='lat' dir='ltr'><strong>adhiberi</strong></span> <span class='ocrx_word' id='word_1_227' title='bbox 1313 3694 1346 3757; x_wconf 91' lang='lat' dir='ltr'><strong>in</strong></span> <span class='ocrx_word' id='word_1_228' title='bbox 1371 3716 1398 3758; x_wconf 94' lang='lat'><strong>0.</strong></span> <span class='ocrx_word' id='word_1_229' title='bbox 1426 3715 1456 3757; x_wconf 92' lang='lat' dir='ltr'><strong>o.</strong></span> 
     </span>
     <span class='ocr_line' id='line_1_33' title="bbox 174 3801 1456 3890; baseline -0.003 -22"><span class='ocrx_word' id='word_1_230' title='bbox 174 3804 218 3868; x_wconf 85' lang='lat' dir='ltr'><strong>ad</strong></span> <span class='ocrx_word' id='word_1_231' title='bbox 235 3825 273 3871; x_wconf 89' lang='lat' dir='ltr'><strong>ea</strong></span> <span class='ocrx_word' id='word_1_232' title='bbox 288 3805 493 3889; x_wconf 88' lang='lat' dir='ltr'><strong>proferenda,</strong></span> <span class='ocrx_word' id='word_1_233' title='bbox 525 3827 610 3890; x_wconf 89' lang='lat' dir='ltr'><strong>quae</strong></span> <span class='ocrx_word' id='word_1_234' title='bbox 628 3805 677 3870; x_wconf 88' lang='lat' dir='ltr'><strong>vel</strong></span> <span class='ocrx_word' id='word_1_235' title='bbox 702 3812 849 3890; x_wconf 89' lang='lat' dir='ltr'><strong>tempore</strong></span> <span class='ocrx_word' id='word_1_236' title='bbox 873 3805 923 3871; x_wconf 84' lang='lat' dir='ltr'><strong>vel</strong></span> <span class='ocrx_word' id='word_1_237' title='bbox 946 3803 1018 3868; x_wconf 89' lang='lat' dir='ltr'><strong>loco</strong></span> <span class='ocrx_word' id='word_1_238' title='bbox 1041 3801 1219 3866; x_wconf 89' lang='lat' dir='ltr'><strong>remotiora</strong></span> <span class='ocrx_word' id='word_1_239' title='bbox 1243 3802 1284 3866; x_wconf 90' lang='lat' dir='ltr'><strong>ab</strong></span> <span class='ocrx_word' id='word_1_240' title='bbox 1310 3823 1347 3866; x_wconf 94' lang='lat' dir='ltr'><strong>eo</strong></span> <span class='ocrx_word' id='word_1_241' title='bbox 1372 3807 1456 3879; x_wconf 87' lang='lat' dir='ltr'><strong>sunt,</strong></span> 
     </span>
     <span class='ocr_line' id='line_1_34' title="bbox 174 3909 1458 3996; baseline -0.004 -20"><span class='ocrx_word' id='word_1_242' title='bbox 174 3912 233 3996; x_wconf 89' lang='lat' dir='ltr'><strong>qui</strong></span> <span class='ocrx_word' id='word_1_243' title='bbox 257 3911 345 3990; x_wconf 91' lang='lat' dir='ltr'><strong>dicit,</strong></span> <span class='ocrx_word' id='word_1_244' title='bbox 370 3919 404 3977; x_wconf 89' lang='lat' dir='ltr'><strong>et</strong></span> <span class='ocrx_word' id='word_1_245' title='bbox 419 3912 462 3976; x_wconf 87' lang='lat' dir='ltr'><strong>ad</strong></span> <span class='ocrx_word' id='word_1_246' title='bbox 479 3935 552 3978; x_wconf 90' lang='lat' dir='ltr'><strong>eum</strong></span> <span class='ocrx_word' id='word_1_247' title='bbox 569 3913 799 3990; x_wconf 91' lang='lat' dir='ltr'><strong>denotandum,</strong></span> <span class='ocrx_word' id='word_1_248' title='bbox 830 3911 870 3975; x_wconf 92' lang='lat' dir='ltr'><strong>de</strong></span> <span class='ocrx_word' id='word_1_249' title='bbox 894 3932 959 3995; x_wconf 89' lang='lat' dir='ltr'><strong>qno</strong></span> <span class='ocrx_word' id='word_1_250' title='bbox 982 3909 1104 3974; x_wconf 88' lang='lat' dir='ltr'><strong>mentio</strong></span> <span class='ocrx_word' id='word_1_251' title='bbox 1129 3914 1187 3987; x_wconf 89' lang='lat' dir='ltr'><strong>est,</strong></span> <span class='ocrx_word' id='word_1_252' title='bbox 1212 3909 1400 3992; x_wconf 90' lang='lat' dir='ltr'><strong>ubicunque</strong></span> <span class='ocrx_word' id='word_1_253' title='bbox 1424 3909 1458 3971; x_wconf 95' lang='lat' dir='ltr'><strong>in</strong></span> 
     </span>
     <span class='ocr_line' id='line_1_35' title="bbox 173 4016 1457 4107; baseline -0.002 -23"><span class='ocrx_word' id='word_1_254' title='bbox 173 4024 267 4085; x_wconf 88' lang='lat' dir='ltr'><strong>recta</strong></span> <span class='ocrx_word' id='word_1_255' title='bbox 290 4039 318 4085; x_wconf 93' lang='lat' dir='ltr'><strong>o.</strong></span> <span class='ocrx_word' id='word_1_256' title='bbox 341 4020 433 4099; x_wconf 79' lang='lat' dir='ltr'><strong>„hic“</strong></span> <span class='ocrx_word' id='word_1_257' title='bbox 456 4021 599 4103; x_wconf 91' lang='lat' dir='ltr'><strong>positum</strong></span> <span class='ocrx_word' id='word_1_258' title='bbox 622 4026 673 4086; x_wconf 88' lang='lat' dir='ltr'><strong>est</strong></span> <span class='ocrx_word' id='word_1_259' title='bbox 696 4019 752 4107; x_wconf 87' lang='lat' dir='ltr'><strong>(cf.</strong></span> <span class='ocrx_word' id='word_1_260' title='bbox 776 4020 947 4102; x_wconf 71' lang='lat' dir='ltr'><strong>Xr&#39;dger§</strong></span> <span class='ocrx_word' id='word_1_261' title='bbox 974 4023 1056 4095; x_wconf 83' lang='grc'><strong>653,</strong></span> <span class='ocrx_word' id='word_1_262' title='bbox 1086 4016 1195 4100; x_wconf 81' lang='lat' dir='ltr'><strong>Reisig</strong></span> <span class='ocrx_word' id='word_1_263' title='bbox 1225 4021 1245 4098; x_wconf 68' lang='grc' dir='ltr'>ξ</span> <span class='ocrx_word' id='word_1_264' title='bbox 1270 4021 1349 4094; x_wconf 83' lang='lat'><strong>208,</strong></span> <span class='ocrx_word' id='word_1_265' title='bbox 1382 4037 1457 4081; x_wconf 89' lang='lat' dir='ltr'><strong>ann.</strong></span> 
     </span>
     <span class='ocr_line' id='line_1_36' title="bbox 175 4123 1457 4214; baseline -0.004 -22"><span class='ocrx_word' id='word_1_266' title='bbox 175 4132 250 4205; x_wconf 88' lang='grc'><strong>366,</strong></span> <span class='ocrx_word' id='word_1_267' title='bbox 277 4127 396 4214; x_wconf 88' lang='lat' dir='ltr'><strong>Zumpt</strong></span> <span class='ocrx_word' id='word_1_268' title='bbox 418 4132 438 4209; x_wconf 66' lang='grc' dir='ltr'>ξ</span> <span class='ocrx_word' id='word_1_269' title='bbox 463 4134 548 4210; x_wconf 85' lang='grc'><strong>703),</strong></span> <span class='ocrx_word' id='word_1_270' title='bbox 579 4129 771 4212; x_wconf 87' lang='lat' dir='ltr'><strong>pronomine</strong></span> <span class='ocrx_word' id='word_1_271' title='bbox 793 4127 886 4206; x_wconf 80' lang='lat' dir='ltr'><strong>„hic“</strong></span> <span class='ocrx_word' id='word_1_272' title='bbox 909 4147 947 4191; x_wconf 88' lang='lat' dir='ltr'><strong>ea</strong></span> <span class='ocrx_word' id='word_1_273' title='bbox 971 4123 1206 4209; x_wconf 87' lang='lat' dir='ltr'><strong>significantur,</strong></span> <span class='ocrx_word' id='word_1_274' title='bbox 1239 4145 1322 4207; x_wconf 89' lang='lat' dir='ltr'><strong>quae</strong></span> <span class='ocrx_word' id='word_1_275' title='bbox 1346 4124 1457 4205; x_wconf 89' lang='lat' dir='ltr'><strong>propi-</strong></span> 
     </span>
     <span class='ocr_line' id='line_1_37' title="bbox 174 4233 548 4326; baseline 0.008 -27"><span class='ocrx_word' id='word_1_276' title='bbox 174 4257 234 4300; x_wconf 90' lang='lat' dir='ltr'><strong>ora</strong></span> <span class='ocrx_word' id='word_1_277' title='bbox 258 4241 334 4299; x_wconf 89' lang='lat' dir='ltr'><strong>sunt</strong></span> <span class='ocrx_word' id='word_1_278' title='bbox 358 4233 548 4326; x_wconf 80' lang='lat' dir='ltr'><strong>loquenti.1)</strong></span> 
     </span>
    </p>
   </div>
   <div class='ocr_carea' id='block_1_7' title="bbox 213 4399 564 4468">
    <p class='ocr_par' dir='ltr' id='par_1_7' title="bbox 213 4399 564 4468">
     <span class='ocr_line' id='line_1_38' title="bbox 213 4399 564 4468; baseline 0.011 -19"><span class='ocrx_word' id='word_1_279' title='bbox 213 4399 235 4467; x_wconf 89' lang='lat'><strong>1)</strong></span> <span class='ocrx_word' id='word_1_280' title='bbox 254 4401 406 4450; x_wconf 86' lang='lat' dir='ltr'><strong>Andersson</strong></span> <span class='ocrx_word' id='word_1_281' title='bbox 425 4419 451 4467; x_wconf 89' lang='lat' dir='ltr'><strong>p.</strong></span> <span class='ocrx_word' id='word_1_282' title='bbox 471 4416 505 4466; x_wconf 86' lang='lat'><strong>30</strong></span> <span class='ocrx_word' id='word_1_283' title='bbox 525 4419 564 4468; x_wconf 94' lang='lat' dir='ltr'><strong>sq.</strong></span> 
     </span>
    </p>
   </div>
   <div class='ocr_carea' id='block_1_8' title="bbox 0 0 1651 4918">
    <p class='ocr_par' dir='ltr' id='par_1_8' title="bbox 0 0 1651 4918">
     <span class='ocr_line' id='line_1_39' title="bbox 0 0 1651 4918; baseline 0 0"><span class='ocrx_word' id='word_1_284' title='bbox 0 0 1651 4918; x_wconf 95' lang='lat' dir='ltr'><strong> </strong></span> 
     </span>
    </p>
   </div>
  </div>
 </body>
</html>
